%% This BibTeX bibliography file was created using BibDesk.
%% http://bibdesk.sourceforge.net/


%% Created for jjbh at 2018-08-30 22:47:57 -0700 


%% Saved with string encoding Unicode (UTF-8) 



@incollection{riggs2010,
	Author = {Riggs, D.B. and Marlett, S.},
	Booktitle = {The {{Z}}apotec grammar files},
	Date-Added = {2018-08-30 22:22:52 -0700},
	Date-Modified = {2018-08-30 22:41:44 -0700},
	Editor = {Black, C., Black H.A. and Marlett, S.},
	Publisher = {Summer Institute of Linguistics},
	Title = {The le'e focus phrase: {{S}}tructural aspects},
	Year = {2010}}

@article{ward1987,
	Author = {Ward, M.},
	Date-Added = {2018-08-30 22:22:03 -0700},
	Date-Modified = {2018-08-30 22:22:11 -0700},
	Journal = {SIL Mexico Workpapers},
	Pages = {26--32},
	Title = {{A focus particle in Quioquitani Zapotec}},
	Volume = {9},
	Year = {1987}}

@article{campbell2017a,
	Author = {Campbell, E.},
	Date-Added = {2018-08-29 23:21:06 -0700},
	Date-Modified = {2018-08-29 23:30:52 -0700},
	Journal = {Language and Linguistics Compass},
	Number = {4},
	Pages = {e12240},
	Publisher = {Wiley Online Library},
	Title = {Otomanguean historical linguistics: Past, present, and prospects for the future},
	Volume = {11},
	Year = {2017}}

@article{campbell2017b,
	Author = {Campbell, E.},
	Date-Added = {2018-08-29 23:20:49 -0700},
	Date-Modified = {2018-08-29 23:31:02 -0700},
	Journal = {Language and Linguistics Compass},
	Number = {7},
	Pages = {e12244},
	Publisher = {Wiley Online Library},
	Title = {Otomanguean historical linguistics: Exploring the subgroups},
	Volume = {11},
	Year = {2017}}

@conference{lillehaugen2016,
	Address = {Mexico City, Mexico},
	Author = {Lillehaugen, B.D.},
	Booktitle = {{VII} {{S}}yntax of the {{W}}orld's {{L}}anguages {{I}}nternational {{C}}onference and {{W}}orkshop},
	Date-Added = {2018-08-29 23:05:05 -0700},
	Date-Modified = {2018-08-29 23:06:00 -0700},
	Title = {The syntax of preverbal subjects in {{C}}olonial {{V}}alley {{Z}}apotec},
	Year = {2016}}

@conference{lillehaugen2008,
	Address = {Hermosillo, Sonora, Mexico},
	Author = {Lillehaugen, B.D.},
	Booktitle = {X {{E}}ncuentro {{I}}nternacional de {{L}}ing\"{u}\'{i}stica en el noroeste},
	Date-Added = {2018-08-29 23:02:22 -0700},
	Date-Modified = {2018-08-29 23:27:34 -0700},
	Title = {El morfema l\`{a}a' y su uso en el zapoteco de {{T}}lacolula de {{M}}atamoros},
	Year = {2008}}

@book{alfabeto1956,
	Address = {Mexico City, Mexico},
	Date-Added = {2018-08-29 22:55:40 -0700},
	Date-Modified = {2018-08-29 22:56:39 -0700},
	Title = {Alfabeto popular para la escritura del zapoteco del Istmo},
	Year = {1956}}

@article{krifka2008,
	Author = {Krifka, Manfred},
	Date-Added = {2018-08-29 22:40:58 -0700},
	Date-Modified = {2018-08-29 22:41:05 -0700},
	Journal = {Acta Linguistica Hungarica},
	Number = {3-4},
	Pages = {243--276},
	Publisher = {Akad{\'e}miai Kiad{\'o}},
	Title = {Basic notions of information structure},
	Volume = {55},
	Year = {2008}}

@article{castillo2014,
	Author = {Castillo Hern{\'a}ndez, C.},
	Date-Added = {2018-08-29 22:39:03 -0700},
	Date-Modified = {2018-08-29 23:29:03 -0700},
	Journal = {Signo y Se{\~n}a: Revista del Instituto de Ling{\"u}{\'\i}stica},
	Number = {25},
	Pages = {35--58},
	Title = {Observaciones sobre la interfaz sintaxis-pragm{\'a}tica en narrativas de tres lenguas ind{\'\i}genas mexicanas},
	Year = {2014}}

@book{camacho2010,
	Author = {Camacho, J. and Guti{\'e}rrez-Bravo, R. and S{\'a}nchez, L.},
	Date-Added = {2018-08-29 22:31:44 -0700},
	Date-Modified = {2018-08-29 23:29:22 -0700},
	Publisher = {Walter de Gruyter},
	Title = {Information structure in indigenous languages of the {{A}}mericas: {{S}}yntactic approaches},
	Volume = {225},
	Year = {2010}}

@article{matic2013,
	Author = {Mati\'{c}, D. and Wedgwood, D.},
	Date-Added = {2018-08-27 23:50:18 -0700},
	Date-Modified = {2018-08-29 23:27:00 -0700},
	Journal = {Journal of Linguistics},
	Number = {1},
	Pages = {127--163},
	Publisher = {Cambridge University Press},
	Title = {The meanings of focus: The significance of an interpretation-based category in cross-linguistic analysis},
	Volume = {49},
	Year = {2013}}

@article{ozerov2015,
	Author = {Ozerov, Pavel},
	Date-Added = {2018-08-27 23:50:10 -0700},
	Date-Modified = {2018-08-29 23:25:27 -0700},
	Journal = {Studies in Language},
	Number = {2},
	Pages = {386--423},
	Publisher = {John Benjamins Publishing Company},
	Title = {Information structure without topic and focus: Differential Object Marking in Burmese},
	Volume = {39},
	Year = {2015}}

@article{dubois2006,
	Author = {Du Bois, J.},
	Date-Added = {2018-08-17 11:23:34 -0700},
	Date-Modified = {2018-08-29 23:31:43 -0700},
	Journal = {{Haciendo Ling\"{u}\'{i}stica: Homenaje a Paola Bentivoglio}},
	Publisher = {{Comisi\'{o}n de Estudios de Postgrado, Facultad de Humanidades y Educaci{\'o}n, Universidad Central de Venezuela}},
	Title = {The {{P}}ear {{S}}tory in {{S}}akapultek {{M}}aya: A case study of information flow and preferred argument structure},
	Year = {2006}}

@incollection{aissen2017,
	Author = {Aissen, Judith},
	Booktitle = {The Mayan Languages},
	Date-Added = {2018-08-08 12:20:19 -0700},
	Date-Modified = {2018-08-08 12:27:39 -0700},
	Editor = {Aissen, J.L. and England, N.C. and Zavala Maldonado, R.},
	Pages = {293--323},
	Publisher = {Routledge},
	Title = {Information structure in Mayan},
	Year = {2017}}

@article{schnell2017,
	Author = {Brickell, T. and Schnell, S.},
	Date-Added = {2018-08-08 12:20:03 -0700},
	Date-Modified = {2018-08-29 23:30:11 -0700},
	Journal = {Linguistic Typology},
	Number = {1},
	Pages = {177--208},
	Publisher = {De Gruyter},
	Title = {Do grammatical relations reflect information status? {{R}}eassessing Preferred Argument Structure theory against discourse data from Tondano},
	Volume = {21},
	Year = {2017}}

@article{haig2016,
	Author = {Haig, G. and Schnell, S.},
	Date-Added = {2018-08-08 12:19:39 -0700},
	Date-Modified = {2018-08-29 23:28:34 -0700},
	Journal = {Language},
	Number = {3},
	Pages = {591--618},
	Publisher = {Linguistic Society of America},
	Title = {The discourse basis of ergativity revisited},
	Volume = {92},
	Year = {2016}}

@article{scarano2009,
	Author = {Scarano, Antonietta},
	Date-Added = {2018-07-25 20:18:38 +0000},
	Date-Modified = {2018-07-25 20:18:49 +0000},
	Journal = {Information structures and its interfaces.}, 
	Pages = {51--74},
	Publisher = {Berlin and New York: Mouton de Gruyter},
	Title = {A The prosodic annotation of C-ORAL-ROM and the structure of information in spoken language},
	Year = {2009}}

@article{aissen1992,
	Author = {Aissen, J.L.},
	Date-Added = {2016-05-11 06:26:30 +0000},
	Date-Modified = {2016-05-11 06:26:30 +0000},
	Journal = {Language},
	Number = {1},
	Pages = {43--80},
	Publisher = {Linguistic Society of America},
	Title = {{Topic and focus in Mayan}},
	Volume = {68},
	Year = {1992}}

@phdthesis{arellanes2009,
	Author = {Arellanes, F},
	Date-Added = {2016-05-11 06:26:30 +0000},
	Date-Modified = {2016-05-11 06:26:30 +0000},
	School = {El Colegio de M{\'e}xico},
	Title = {El sistema fonol{\'o}gico y las propiedades fon{\'e}ticas del zapoteco de {{S}}an {{P}}ablo {{G}}{\"u}il{\'a}: Descripci{\'o}n y an{\'a}lisis formal},
	Year = {2009}}

@article{ariel1988,
	Author = {Ariel, M.},
	Date-Added = {2016-05-11 06:26:30 +0000},
	Date-Modified = {2016-05-11 06:26:30 +0000},
	Journal = {Journal of Linguistics},
	Number = {1},
	Pages = {65--87},
	Publisher = {Cambridge Univ Press},
	Title = {Referring and accessibility},
	Volume = {24},
	Year = {1988}}

@book{ariel1990,
	Author = {Ariel, M.},
	Date-Added = {2016-05-11 06:26:30 +0000},
	Date-Modified = {2016-05-11 06:26:30 +0000},
	Publisher = {New York: Routledge},
	Title = {{Accessing noun-phrase antecedents}},
	Year = {1990}}

@incollection{ariel2001,
	Author = {Ariel, M.},
	Booktitle = {Text representation: Linguistic and psycholinguistic aspects},
	Date-Added = {2016-05-11 06:26:30 +0000},
	Date-Modified = {2016-05-11 06:26:30 +0000},
	Editor = {Sanders, T. and Schilperoord, J. and Spooren, W.},
	Pages = {29--87},
	Publisher = {Philadelphia: John Benjamins},
	Title = {{Accessibility theory: an overview}},
	Year = {2001}}

@incollection{arnold2003,
	Author = {Arnold, J.E.},
	Booktitle = {Preferred Argument Structure: Grammar as architecture for function},
	Date-Added = {2016-05-11 06:26:30 +0000},
	Date-Modified = {2018-08-17 11:41:15 -0700},
	Editor = {Du Bois, J.W. and Kumpf, L.E. and Ashby, W.J.},
	Pages = {225--246},
	Publisher = {Philadelphia: John Benjamins},
	Read = {0},
	Title = {{Multiple constraints on reference form}},
	Year = {2003}}

@article{auer2005,
	Author = {Auer, P.},
	Date-Added = {2016-05-11 06:26:30 +0000},
	Date-Modified = {2018-08-29 23:30:29 -0700},
	Journal = {Text},
	Number = {1},
	Pages = {7--36},
	Title = {Projection in interaction and projection in grammar},
	Volume = {25},
	Year = {2005}}

@phdthesis{augsburger2004,
	Author = {Augsburger, D.},
	Date-Added = {2016-05-11 06:26:30 +0000},
	Date-Modified = {2016-05-11 06:26:30 +0000},
	School = {University of Pennsylvannia},
	Title = {{Language socialization and shift in an Isthmus Zapotec community of Mexico}},
	Year = {2004}}

@phdthesis{avelino2004,
	Author = {Avelino, H.},
	Date-Added = {2016-05-11 06:26:30 +0000},
	Date-Modified = {2016-05-11 06:26:30 +0000},
	School = {University of California, Los Angeles},
	Title = {{Topics in Yal{\'a}lag Zapotec, with particular reference to its phonetic structures}},
	Year = {2004}}

@phdthesis{beamdeazcona2004,
	Author = {Beam de Azcona, R.},
	Date-Added = {2016-05-11 06:26:30 +0000},
	Date-Modified = {2016-05-11 06:26:30 +0000},
	School = {University of California, Berkeley},
	Title = {{A Coatl{\'a}n-Loxicha Zapotec Grammar}},
	Year = {2004}}

@conference{beamdeazcona2008,
	Address = {Oaxaca, Mexico},
	Author = {Beam de Azcona, R.},
	Booktitle = {Memorias del Coloquio Francisco Belmar: Conferencias sobre lenguas Otomangues y Oaxaque{\~n}as},
	Date-Added = {2016-05-11 06:26:30 +0000},
	Date-Modified = {2016-05-11 06:26:30 +0000},
	Editor = {L{\'o}pez Cruz, A. and Swanton, M.},
	Pages = {161-185},
	Publisher = {INALI},
	Title = {Un estudio comparativo de los tonos del zapoteco sure{\~n}o.},
	Volume = {II},
	Year = {2008}}

@article{benton1987,
	Author = {Benton, J.P.},
	Date-Added = {2016-05-11 06:26:30 +0000},
	Date-Modified = {2016-05-11 06:26:30 +0000},
	Journal = {SIL Mexico Workpapers},
	Pages = {72--84},
	Title = {{Clause and sentence-level word order and discourse strategy in Chichicapan Zapotec oral narrative discourse}},
	Volume = {9},
	Year = {1987}}

@article{benton1997,
	Author = {Benton, J.P.},
	Date-Added = {2016-05-11 06:26:30 +0000},
	Date-Modified = {2016-05-11 06:26:30 +0000},
	Journal = {SIL Mexico Workpapers},
	Pages = {34--46},
	Title = {{Aspect shift in Chichicapan Zapotec narrative discourse}},
	Volume = {12},
	Year = {1997}}

@book{bernini2006,
	Address = {Berlin},
	Author = {Bernini, G. and Schwartz, M.L.},
	Date-Added = {2016-05-11 06:26:30 +0000},
	Date-Modified = {2016-05-11 06:26:30 +0000},
	Publisher = {Walter de Gruyter},
	Title = {{Pragmatic organization of discourse in the languages of Europe}},
	Year = {2006}}

@misc{bickel2004,
	Author = {Bickel, B. and Comrie, B. and Haspelmath, M.},
	Date-Added = {2016-05-11 06:26:30 +0000},
	Date-Modified = {2016-05-11 06:26:30 +0000},
	Publisher = {Max Planck Institute for Evolutionary Anthropology and Department of Linguistics, University of Leipzig},
	Title = {{The Leipzig Glossing Rules. Conventions for interlinear morpheme by morpheme glosses}},
	Year = {2004}}

@article{bickmore1998,
	Author = {Bickmore, L. and Broadwell, G.A.},
	Date-Added = {2016-05-11 06:26:30 +0000},
	Date-Modified = {2016-05-11 06:26:30 +0000},
	Journal = {International Journal of American Linguistics},
	Number = {1},
	Pages = {37--67},
	Publisher = {The University of Chicago Press},
	Title = {{High Tone Docking in Sierra Ju{\'a}rez Zapotec}},
	Volume = {64},
	Year = {1998}}

@book{black2000,
	Address = {Dallas},
	Author = {Black, C.},
	Date-Added = {2016-05-11 06:26:30 +0000},
	Date-Modified = {2016-05-11 06:26:30 +0000},
	Publisher = {SIL International and The University of Texas at Arlington Publications in Linguistics},
	Title = {Quiegolani Zapotec syntax: a Principles and Parameters account.},
	Year = {2000}}

@phdthesis{boudreault2009,
	Author = {Boudreault, L.J.D.J.},
	Date-Added = {2016-05-11 06:26:30 +0000},
	Date-Modified = {2016-05-11 06:26:30 +0000},
	School = {University of Texas},
	Title = {{A Grammar of Sierra Popoluca (Soteapanec, a Mixe-Zoquean Language)}},
	Year = {2009}}

@article{bresnan1987,
	Author = {Bresnan, J. and Mchombo, S.A.},
	Date-Added = {2016-05-11 06:26:30 +0000},
	Date-Modified = {2016-05-11 06:26:30 +0000},
	Journal = {Language},
	Pages = {741--782},
	Publisher = {Linguistic Society of America},
	Title = {{Topic, pronoun, and agreement in Chiche{\^w}a}},
	Year = {1987}}

@conference{broadwell1999b,
	Author = {Broadwell, G.A.},
	Booktitle = {{Proceedings of the LFG 99 conference}},
	Date-Added = {2016-05-11 06:26:30 +0000},
	Date-Modified = {2016-05-11 06:26:30 +0000},
	Title = {{The interaction of focus and constituent order in San Dionicio Ocotepec Zapotec}},
	Year = {1999}}

@conference{broadwell1999a,
	Address = {Chicago, IL},
	Author = {Broadwell, G.A.},
	Booktitle = {{Proceedings of the 35th Chicago Linguistics Society}},
	Date-Added = {2016-05-11 06:26:30 +0000},
	Date-Modified = {2018-08-17 11:10:13 -0700},
	Title = {{Focus alignment and optimal order in Zapotec}},
	Year = {1999},
	Bdsk-File-1 = {YnBsaXN0MDDUAQIDBAUGJCVYJHZlcnNpb25YJG9iamVjdHNZJGFyY2hpdmVyVCR0b3ASAAGGoKgHCBMUFRYaIVUkbnVsbNMJCgsMDxJXTlMua2V5c1pOUy5vYmplY3RzViRjbGFzc6INDoACgAOiEBGABIAFgAdccmVsYXRpdmVQYXRoWWFsaWFzRGF0YV8QKC4uLy4uLy4uLy4uLy4uLy5UcmFzaC9kdWJvaXMyMDA2LmJpYi50eHTSFwsYGVdOUy5kYXRhTxEBiAAAAAABiAACAAAMTWFjaW50b3NoIEhEAAAAAAAAAAAAAAAAAAAAykCHfEgrAAABiGZ7EmR1Ym9pczIwMDYuYmliLnR4dAAAAAAAAAAAAAAAAAAAAAAAAAAAAAAAAAAAAAAAAAAAAAAAAAAAAAAAAAAAAAGLyJDXnGBNAAAAAAAAAAAABQACAAAJIAAAAAAAAAAAAAAAAAAAAAYuVHJhc2gAEAAIAADKQOnsAAAAEQAIAADXnMK9AAAAAQAMAYhmewAFAjYAAL7sAAIAOE1hY2ludG9zaCBIRDpVc2VyczoAam90YWpvdGE6AC5UcmFzaDoAZHVib2lzMjAwNi5iaWIudHh0AA4AJgASAGQAdQBiAG8AaQBzADIAMAAwADYALgBiAGkAYgAuAHQAeAB0AA8AGgAMAE0AYQBjAGkAbgB0AG8AcwBoACAASABEABIAKFVzZXJzL2pvdGFqb3RhLy5UcmFzaC9kdWJvaXMyMDA2LmJpYi50eHQAEwABLwAAFQACAA///wAAgAbSGxwdHlokY2xhc3NuYW1lWCRjbGFzc2VzXU5TTXV0YWJsZURhdGGjHR8gVk5TRGF0YVhOU09iamVjdNIbHCIjXE5TRGljdGlvbmFyeaIiIF8QD05TS2V5ZWRBcmNoaXZlctEmJ1Ryb290gAEACAARABoAIwAtADIANwBAAEYATQBVAGAAZwBqAGwAbgBxAHMAdQB3AIQAjgC5AL4AxgJSAlQCWQJkAm0CewJ/AoYCjwKUAqECpAK2ArkCvgAAAAAAAAIBAAAAAAAAACgAAAAAAAAAAAAAAAAAAALA}}

@conference{broadwell2000phonological,
	Address = {Toronto, Canada},
	Author = {Broadwell, G.A.},
	Booktitle = {{Proceedings of the Workshop on Structure and Constituency in the Languages of the Americas}},
	Date-Added = {2016-05-11 06:26:30 +0000},
	Date-Modified = {2016-05-11 06:26:30 +0000},
	Title = {{On the phonological conditioning of clitic placement in Zapotec}},
	Year = {2000}}

@conference{broadwell2002,
	Address = {San Francisco, CA},
	Author = {Broadwell, G.A.},
	Booktitle = {Annual meeting of the Linguistic Society of America},
	Date-Added = {2016-05-11 06:26:30 +0000},
	Date-Modified = {2016-05-11 06:26:30 +0000},
	Title = {{Preverbal positions and phrase boundaries in Zapotec}},
	Year = {2002}}

@unpublished{bueno2009,
	Author = {Bueno Holle, J.J.},
	Date-Added = {2016-05-11 06:26:30 +0000},
	Date-Modified = {2016-05-11 06:26:30 +0000},
	Note = {ms., University of Chicago},
	Title = {{Lexical tone in Isthmus Zapotec}},
	Year = {2009}}

@unpublished{bueno2010,
	Author = {Bueno Holle, J.J.},
	Date-Added = {2016-05-11 06:26:30 +0000},
	Date-Modified = {2016-05-11 06:26:30 +0000},
	Note = {ms., University of Chicago},
	Title = {{Accessibility and Preferred Argument Structure in Isthmus Zapotec}},
	Year = {2010}}

@conference{bueno2014a,
	Address = {Minneapolis, MN},
	Author = {Bueno Holle, J.J.},
	Booktitle = {Winter meeting of the Society for the Study of the Indigenous Languages of the Americas},
	Date-Added = {2016-05-11 06:26:30 +0000},
	Date-Modified = {2016-05-11 06:26:30 +0000},
	Title = {{Focus marking across Isthmus Zapotec texts}},
	Year = {2014}}

@conference{bueno2014b,
	Address = {Chicago, IL},
	Author = {Bueno Holle, J.J.},
	Booktitle = {{Proceedings from the 50th Annual meeting of the Chicago Linguistics Society}},
	Date-Added = {2016-05-11 06:26:30 +0000},
	Date-Modified = {2016-05-11 06:26:30 +0000},
	Title = {{Topics in Isthmus Zapotec information structure}},
	Year = {2014}}

@conference{bueno2014c,
	Address = {Washington, DC},
	Author = {Bueno Holle, J.J.},
	Booktitle = {Georgetown University Round Table},
	Date-Added = {2016-05-11 06:26:30 +0000},
	Date-Modified = {2016-05-11 06:26:30 +0000},
	Title = {{The isthmus Zapotec particle \textsc{la} and the management of common ground}},
	Year = {2014}}

@article{bueno2015,
	Author = {P\'{e}rez B\'{a}ez, G. and Cata, V. and Bueno Holle, J.J.},
	Date-Added = {2016-05-11 06:26:30 +0000},
	Date-Modified = {2016-05-11 06:26:30 +0000},
	Journal = {Tlalocan},
	Number = {1},
	Pages = {135--172},
	Title = {Xneza diidxaz\'{a}: Retos en la escritura del zapoteco del {{I}}stmo vistos desde el texto {{T}}eria},
	Year = {2015}}

@article{campbell1976,
	Author = {Campbell, L. and Kaufman, T.},
	Date-Added = {2016-05-11 06:26:30 +0000},
	Date-Modified = {2016-05-11 06:26:30 +0000},
	Issn = {0002-7316},
	Journal = {American Antiquity},
	Number = {1},
	Pages = {80--89},
	Publisher = {JSTOR},
	Title = {{A linguistic look at the Olmecs}},
	Volume = {41},
	Year = {1976}}

@article{campbell1986,
	Author = {Campbell, L. and Kaufman, T. and Smith-Stark, T.C.},
	Date-Added = {2016-05-11 06:26:30 +0000},
	Date-Modified = {2016-05-11 06:26:30 +0000},
	Issn = {0097-8507},
	Journal = {Language},
	Number = {3},
	Pages = {530--570},
	Publisher = {JSTOR},
	Title = {{Meso-America as a linguistic area}},
	Volume = {62},
	Year = {1986}}

@article{campbell2011,
	Author = {Campbell, E.},
	Date-Added = {2016-05-11 06:26:30 +0000},
	Date-Modified = {2016-05-11 06:26:30 +0000},
	Journal = {International Journal of American Linguistics},
	Number = {2},
	Pages = {219--246},
	Title = {{Zenzontepec Chatino aspect morphology and Zapotecan verb classes}},
	Volume = {77},
	Year = {2011}}

@incollection{chafe1976,
	Address = {New York},
	Author = {Chafe, W.},
	Booktitle = {{Subject and Topic}},
	Date-Added = {2016-05-11 06:26:30 +0000},
	Date-Modified = {2016-05-11 06:26:30 +0000},
	Editor = {Li, C.N.},
	Pages = {27-55},
	Publisher = {Academic Press},
	Title = {{Givenness, contrastiveness, definiteness, subjects, topics, and point of view.}},
	Year = {1976}}

@book{chafe1980,
	Date-Added = {2016-05-11 06:26:30 +0000},
	Date-Modified = {2016-05-11 06:26:30 +0000},
	Editor = {Chafe, W.},
	Publisher = {Norwood: Ablex},
	Title = {{The pear stories: Cognitive, cultural, and linguistic aspects of narrative production}},
	Year = {1980}}

@book{chafe1994,
	Address = {Chicago},
	Author = {Chafe, W.},
	Date-Added = {2016-05-11 06:26:30 +0000},
	Date-Modified = {2016-05-11 06:26:30 +0000},
	Publisher = {University of Chicago Press},
	Title = {{Discourse, consciousness and time}},
	Year = {1994},
	Bdsk-Url-1 = {http://books.google.com/books?hl=en&lr=&id=HwwzsyMNiJMC&oi=fnd&pg=PR9&dq=discourse,+consciousness&ots=MJ_6yIWhjT&sig=KcjT5k_6pEZu_ENZ-kqR1lfRZ0s#v=onepage&q&f=false}}

@book{chao1968,
	Author = {Chao, Yuen Ren},
	Date-Added = {2016-05-11 06:26:30 +0000},
	Date-Modified = {2016-05-11 06:26:30 +0000},
	Publisher = {University of California Press},
	Title = {A grammar of spoken Chinese},
	Year = {1968}}

@phdthesis{chavezpeon2010,
	Author = {Ch\'{a}vez Pe\'{o}n, M.},
	Date-Added = {2016-05-11 06:26:30 +0000},
	Date-Modified = {2016-05-11 06:26:30 +0000},
	School = {University of British Columbia},
	Title = {The interaction of metrical structure, tone, and phonation types in {{Q}}uiavin{\'\i} {{Z}}apotec},
	Year = {2010}}

@incollection{clancy1980,
	Author = {Clancy, P.},
	Booktitle = {The pear stories: Cognitive, cultural, and linguistic aspects of narrative production},
	Date-Added = {2016-05-11 06:26:30 +0000},
	Date-Modified = {2016-05-11 06:26:30 +0000},
	Editor = {Chafe, W.},
	Pages = {127-201},
	Publisher = {Norwood: Ablex},
	Title = {{Referential choice in English and Japanese narrative discourse}},
	Year = {1980}}

@article{comrie1989,
	Author = {Comrie, B.},
	Date-Added = {2016-05-11 06:26:30 +0000},
	Date-Modified = {2016-05-11 06:26:30 +0000},
	Journal = {Essays on grammatical theory and universal grammar},
	Pages = {37-51},
	Publisher = {Oxford University Press, USA},
	Title = {{Some general properties of reference-tracking systems}},
	Year = {1989}}

@article{comrie1999,
	Author = {Comrie, B.},
	Date-Added = {2016-05-11 06:26:30 +0000},
	Date-Modified = {2016-05-11 06:26:30 +0000},
	Journal = {Sprachtypologie und Universalienforschung},
	Number = {4},
	Pages = {335--46},
	Title = {{Reference-tracking: description and explanation}},
	Volume = {52},
	Year = {1999}}

@article{cooreman1988,
	Author = {Cooreman, A.M. and Fox, B. and Giv{\'o}n, T.},
	Date-Added = {2016-05-11 06:26:30 +0000},
	Date-Modified = {2016-05-11 06:26:30 +0000},
	Journal = {Studies in Austronesian Linguistics. Athens, Ohio: Ohio University Center for International Studies},
	Pages = {387--425},
	Title = {{The discourse definition of ergativity: A study of Chamorro and Tagalog texts}},
	Year = {1988}}

@incollection{crocco2009,
	Address = {Berlin},
	Author = {Crocco, C.},
	Booktitle = {Information structure and its interfaces},
	Date-Added = {2016-05-11 06:26:30 +0000},
	Date-Modified = {2016-05-11 06:26:30 +0000},
	Editor = {Mereu, Lunella},
	Pages = {15-49},
	Publisher = {Mouton de Gruyter},
	Title = {{Topic accent and prosodic structure.}},
	Year = {2009}}

@incollection{cruttenden2006,
	Address = {Berlin},
	Author = {Cruttenden, A.},
	Booktitle = {{Pragmatic organization of discourse in the languages of Europe}},
	Date-Added = {2016-05-11 06:26:30 +0000},
	Date-Modified = {2016-05-11 06:26:30 +0000},
	Editor = {Bernini, G. and Schwartz, M.L.},
	Issn = {0933-761X},
	Pages = {311-355},
	Publisher = {Mouton de Gruyter},
	Title = {{The de-accenting of given information: A cognitive universal?}},
	Year = {2006}}

@book{dahlstrom1991,
	Address = {New York},
	Author = {Dahlstrom, A.},
	Date-Added = {2016-05-11 06:26:30 +0000},
	Date-Modified = {2016-05-11 06:26:30 +0000},
	Publisher = {Garland},
	Title = {{Plains Cree Morphosyntax}},
	Year = {1991}}

@conference{dahlstrom1995,
	Address = {Winnipeg},
	Author = {Dahlstrom, A.},
	Date-Added = {2016-05-11 06:26:30 +0000},
	Date-Modified = {2016-05-11 06:26:30 +0000},
	Organization = {The Belcourt Lecture, delivered before the University of Manitoba on 25 February 1994},
	Publisher = {Voices of Rupert's Land},
	Read = {0},
	Title = {Topic, focus, and other word order problems in Algonquian},
	Year = {1995}}

@article{dahlstrom1996,
	Author = {Dahlstrom, A.},
	Date-Added = {2016-05-11 06:26:30 +0000},
	Date-Modified = {2016-05-11 06:26:30 +0000},
	Journal = {Nikotw{\^a}sik iskw{\^a}ht{\^e}m, p{\^a}skiht{\^e}payih!: Studies in honour of HC Wolfart},
	Publisher = {Algonquian and Iroquoian Linguistics},
	Title = {Narrative structure of a Fox text},
	Year = {1996}}

@conference{dahlstrom2003,
	Address = {Stanford},
	Author = {Dahlstrom, A.},
	Booktitle = {The {{P}}roceedings of the {LFG}'03 Conference},
	Date-Added = {2016-05-11 06:26:30 +0000},
	Date-Modified = {2016-05-11 06:26:30 +0000},
	Editor = {M. Butt and T. Holloway King},
	Pages = {144--163},
	Publisher = {CSLI Publications},
	Title = {{Focus constructions in Meskwaki (Fox)}},
	Year = {2003}}

@conference{dahlstrom2014,
	Author = {Dahlstrom, A.},
	Booktitle = {{Forty-sixth Algonquian Conference 2014}},
	Date-Added = {2016-05-11 06:26:30 +0000},
	Date-Modified = {2018-08-17 11:12:59 -0700},
	Editor = {M. Macaulay and M. Noodin},
	Publisher = {Michigan State University Press},
	Title = {{Obviation and Information Structure in Meskwaki}},
	Year = {2014}}

@article{dixon1979,
	Author = {Dixon, R.},
	Date-Added = {2016-05-11 06:26:30 +0000},
	Date-Modified = {2018-08-29 23:32:05 -0700},
	Journal = {Language},
	Number = {1},
	Pages = {59--138},
	Publisher = {Linguistic Society of America},
	Title = {{Ergativity}},
	Volume = {55},
	Year = {1979}}

@article{dorian2002,
	Author = {Dorian, N.C.},
	Date-Added = {2016-05-11 06:26:30 +0000},
	Date-Modified = {2016-05-11 06:26:30 +0000},
	Journal = {Journal of Linguistic Anthropology},
	Number = {2},
	Pages = {134--140},
	Publisher = {Blackwell Publishing Ltd},
	Title = {{Commentary: Broadening the rhetorical and descriptive horizons in endangered-language linguistics}},
	Volume = {12},
	Year = {2002}}

@incollection{downing1980,
	Author = {Downing, P.},
	Booktitle = {The Pear stories. Cognitive, cultural, and linguistic aspects of narrative production},
	Date-Added = {2016-05-11 06:26:30 +0000},
	Date-Modified = {2016-05-11 06:26:30 +0000},
	Editor = {Chafe, W.},
	Pages = {89-126},
	Publisher = {Norwood: Ablex.},
	Title = {{Factors influencing lexical choice in narrative}},
	Year = {1980}}

@book{downing1995,
	Address = {Philadelphia},
	Author = {Downing, P. and Noonan, M.},
	Date-Added = {2016-05-11 06:26:30 +0000},
	Date-Modified = {2016-05-11 06:26:30 +0000},
	Isbn = {1556194242},
	Publisher = {John Benjamins},
	Title = {{Word order in discourse}},
	Year = {1995}}

@incollection{dryer1995,
	Address = {Philadelphia},
	Author = {Dryer, M.S.},
	Booktitle = {Word order in discourse},
	Date-Added = {2016-05-11 06:26:30 +0000},
	Date-Modified = {2016-05-11 06:26:30 +0000},
	Editor = {Downing, P. and Noonan, M.},
	Pages = {105--36},
	Publisher = {John Benjamins},
	Title = {{Frequency and pragmatically unmarked word order}},
	Year = {1995}}

@article{dryer2007,
	Author = {Dryer, M.S.},
	Date-Added = {2016-05-11 06:26:30 +0000},
	Date-Modified = {2016-05-11 06:29:44 +0000},
	Journal = {Language typology and syntactic description},
	Pages = {61--131},
	Title = {Word order},
	Volume = {1},
	Year = {2007}}

@article{dubois1987,
	Author = {Du Bois, J.},
	Date-Added = {2016-05-11 06:26:30 +0000},
	Date-Modified = {2018-08-29 23:31:14 -0700},
	Journal = {Language},
	Number = {4},
	Pages = {805--855},
	Publisher = {Linguistic Society of America},
	Title = {{The discourse basis of ergativity}},
	Volume = {63},
	Year = {1987}}

@incollection{dubois1993,
	Author = {Du Bois, J. and Schuetze-Coburn, S. and Cummings, S. and Paolino, D.},
	Booktitle = {{Talking data: Transcription and coding in discourse research}},
	Date-Added = {2016-05-11 06:26:30 +0000},
	Date-Modified = {2018-08-29 23:31:19 -0700},
	Editor = {Edwards, J.A. and Lampert, M.D.},
	Pages = {45--89},
	Publisher = {Hillsdale, NJ: Erlbaum},
	Title = {Outline of discourse transcription},
	Year = {1993}}

@book{dubois2003,
	Address = {Philadelphia},
	Date-Added = {2016-05-11 06:26:30 +0000},
	Date-Modified = {2018-08-29 23:31:26 -0700},
	Editor = {Du Bois, J. and Kumpf, L.E. and Ashby, W.J.},
	Publisher = {John Benjamins},
	Title = {{Preferred Argument Structure: Grammar as architecture for function}},
	Year = {2003}}

@incollection{dubois2003a,
	Address = {Philadelphia},
	Author = {Du Bois, J.},
	Booktitle = {Preferred Argument Structure: Grammar as architecture for function},
	Date-Added = {2016-05-11 06:26:30 +0000},
	Date-Modified = {2018-08-30 22:47:57 -0700},
	Editor = {Du Bois, J. and Kumpf, L.E. and Ashby, W.J.},
	Pages = {11--60},
	Publisher = {John Benjamins},
	Title = {Argument structure: Grammar in use},
	Year = {2003}}

@incollection{dubois2003b,
	Address = {Mahwah, NJ},
	Author = {Du Bois, J.},
	Booktitle = {The new psychology of language: cognitive and functional approaches to language structure},
	Date-Added = {2016-05-11 06:26:30 +0000},
	Date-Modified = {2018-08-29 23:31:37 -0700},
	Editor = {Tomasello, M.},
	Pages = {47--87},
	Publisher = {Lawrence Erlbaum},
	Title = {{Discourse and grammar}},
	Volume = {2},
	Year = {2003}}

@incollection{durie2003,
	Author = {Durie, M.},
	Booktitle = {Preferred Argument Structure: Grammar as architecture for function},
	Date-Added = {2016-05-11 06:26:30 +0000},
	Date-Modified = {2016-05-11 06:26:30 +0000},
	Editor = {Du Bois, J.W. and Kumpf, L.E. and Ashby, W.J.},
	Pages = {159--196},
	Publisher = {Philadelphia: John Benjamins},
	Title = {{New light on information pressure}},
	Year = {2003}}

@book{edwards1993,
	Date-Added = {2016-05-11 06:26:30 +0000},
	Date-Modified = {2016-05-11 06:26:30 +0000},
	Editor = {Edwards, J.A. and Lampert, M.D.},
	Publisher = {Hillsdale, NJ: Erlbaum},
	Title = {{Talking data: Transcription and coding in discourse research}},
	Year = {1993}}

@article{embick2008,
	Author = {Embick, D.},
	Date-Added = {2016-05-11 06:26:30 +0000},
	Date-Modified = {2016-05-11 06:26:30 +0000},
	Journal = {Unpublished ms., University of Pennsylvania, available at http://www. ling. upenn. edu/~ embick/almaster-december. pdf},
	Title = {{Localism versus Globalism in Morphology and Phonology}},
	Year = {2008}}

@article{emeneau1956,
	Author = {Emeneau, M.B.},
	Date-Added = {2016-05-11 06:26:30 +0000},
	Date-Modified = {2016-05-11 06:26:30 +0000},
	Issn = {0097-8507},
	Journal = {Language},
	Number = {1},
	Pages = {3--16},
	Publisher = {JSTOR},
	Title = {{India as a lingustic area}},
	Volume = {32},
	Year = {1956}}

@article{enfield2005,
	Author = {Enfield, N.J.},
	Date-Added = {2016-05-11 06:26:30 +0000},
	Date-Modified = {2016-05-11 06:26:30 +0000},
	Issn = {0084-6570},
	Journal = {Annu. Rev. Anthropol.},
	Pages = {181--206},
	Publisher = {Annual Reviews},
	Title = {{Areal linguistics and mainland Southeast Asia}},
	Volume = {34},
	Year = {2005}}

@conference{enriquez2007,
	Address = {Hermosillo, Sonora, Mexico},
	Author = {Enr{\'\i}quez Lic{\'o}n, M.},
	Booktitle = {Mecanismos de voz y formaci{\'o}n de palabra},
	Date-Added = {2016-05-11 06:26:30 +0000},
	Date-Modified = {2016-05-11 06:26:30 +0000},
	Editor = {Z. Estrada Fern{\'a}ndez},
	Pages = {63-84},
	Publisher = {Editorial Universidad de Sonora},
	Title = {Causatividad en zapoteco del {{I}}stmo hablado en {{S}}an {{B}}las {{A}}tempa},
	Year = {2007}}

@conference{enriquez2008,
	Address = {Oaxaca, Mexico},
	Author = {Enr\'{i}quez Lic\'{o}n, M.},
	Booktitle = {{Memorias del Coloquio Mar\'{i}a Teresa Fern\'{a}ndez de Miranda}},
	Date-Added = {2016-05-11 06:26:30 +0000},
	Date-Modified = {2016-05-11 06:26:30 +0000},
	Editor = {A. L\'{o}pez Cruz and M. Swanton},
	Publisher = {Biblioteca Francisco de Burgoa},
	Title = {Clases verbales en zapoteco del {{I}}stmo},
	Year = {2008}}

@book{erteschik2007,
	Author = {Erteschik-Shir, N.},
	Date-Added = {2016-05-11 06:26:30 +0000},
	Date-Modified = {2016-05-11 06:26:30 +0000},
	Publisher = {Oxford: Oxford University Press},
	Title = {{Information structure: the syntax-discourse interface}},
	Year = {2007}}

@article{everett2009,
	Author = {Everett, C.},
	Date-Added = {2016-05-11 06:26:30 +0000},
	Date-Modified = {2016-05-11 06:26:30 +0000},
	Journal = {Studies in Language},
	Number = {1},
	Pages = {1--24},
	Publisher = {John Benjamins Publishing Company},
	Title = {{A reconsideration of the motivations for preferred argument structure}},
	Volume = {33},
	Year = {2009}}

@article{fox1977,
	Author = {Fox, J.},
	Date-Added = {2016-05-11 06:26:30 +0000},
	Date-Modified = {2016-05-11 06:29:52 +0000},
	Journal = {Roman Jakobson: Echoes of his scholarship},
	Pages = {59--90},
	Publisher = {Peter de Ridder Publishers Lisse},
	Title = {{Roman Jakobson and the comparative study of parallelism}},
	Year = {1977}}

@book{fox1996,
	Date-Added = {2016-05-11 06:26:30 +0000},
	Date-Modified = {2016-05-11 06:26:30 +0000},
	Editor = {Fox, B.},
	Publisher = {Philadelphia: John Benjamins},
	Title = {{Studies in anaphora}},
	Year = {1996}}

@book{frascarelli2000,
	Author = {Frascarelli, M.},
	Date-Added = {2016-05-11 06:26:30 +0000},
	Date-Modified = {2016-05-11 06:26:30 +0000},
	Publisher = {Kluwer Academic Pub},
	Title = {{The syntax-phonology interface in focus and topic constructions in Italian}},
	Year = {2000}}

@book{galant2006,
	Author = {Galant, M.},
	Date-Added = {2016-05-11 06:26:30 +0000},
	Date-Modified = {2016-05-11 06:26:30 +0000},
	Publisher = {Lincom Europa},
	Title = {Comparative constructions in Spanish and San Lucas Quiavin\'{i} Zapotec},
	Volume = {15},
	Year = {2006}}

@incollection{genetti2003,
	Author = {Genetti, C. and Crain, L.D.},
	Booktitle = {Preferred Argument Structure: Grammar as architecture for function},
	Date-Added = {2016-05-11 06:26:30 +0000},
	Date-Modified = {2016-05-11 06:26:30 +0000},
	Editor = {Du Bois, J.W. and Kumpf, L.E. and Ashby, W.J.},
	Pages = {197--223},
	Publisher = {Philadelphia: John Benjamins},
	Title = {{Beyond preferred argument structure: Sentences, pronouns and given referents in Nepali}},
	Year = {2003}}

@book{gippert2006,
	Author = {Gippert, J. and Himmelmann, N.P. and Mosel, U.},
	Date-Added = {2016-05-11 06:26:30 +0000},
	Date-Modified = {2016-05-11 06:26:30 +0000},
	Publisher = {Walter de Gruyter},
	Title = {{Essentials of language documentation}},
	Year = {2006},
	Bdsk-File-1 = {YnBsaXN0MDDUAQIDBAUGJCVYJHZlcnNpb25YJG9iamVjdHNZJGFyY2hpdmVyVCR0b3ASAAGGoKgHCBMUFRYaIVUkbnVsbNMJCgsMDxJXTlMua2V5c1pOUy5vYmplY3RzViRjbGFzc6INDoACgAOiEBGABIAFgAdccmVsYXRpdmVQYXRoWWFsaWFzRGF0YV8QKC4uLy4uLy4uL0Rlc2t0b3AvYmlicy9nb3Jkb24yMDA1LmJpYi50eHTSFwsYGVdOUy5kYXRhTxEBmAAAAAABmAACAAAMTWFjaW50b3NoIEhEAAAAAAAAAAAAAAAAAAAAykCHfEgrAAAAnQ9CEmdvcmRvbjIwMDUuYmliLnR4dAAAAAAAAAAAAAAAAAAAAAAAAAAAAAAAAAAAAAAAAAAAAAAAAAAAAAAAAAAAAACdEejS5/TqAAAAAAAAAAAAAwADAAAJIAAAAAAAAAAAAAAAAAAAAARiaWJzABAACAAAykDp7AAAABEACAAA0uhlagAAAAEAEACdD0IABQLUAAUCNgAAvuwAAgA/TWFjaW50b3NoIEhEOlVzZXJzOgBqb3Rham90YToARGVza3RvcDoAYmliczoAZ29yZG9uMjAwNS5iaWIudHh0AAAOACYAEgBnAG8AcgBkAG8AbgAyADAAMAA1AC4AYgBpAGIALgB0AHgAdAAPABoADABNAGEAYwBpAG4AdABvAHMAaAAgAEgARAASAC5Vc2Vycy9qb3Rham90YS9EZXNrdG9wL2JpYnMvZ29yZG9uMjAwNS5iaWIudHh0ABMAAS8AABUAAgAP//8AAIAG0hscHR5aJGNsYXNzbmFtZVgkY2xhc3Nlc11OU011dGFibGVEYXRhox0fIFZOU0RhdGFYTlNPYmplY3TSGxwiI1xOU0RpY3Rpb25hcnmiIiBfEA9OU0tleWVkQXJjaGl2ZXLRJidUcm9vdIABAAgAEQAaACMALQAyADcAQABGAE0AVQBgAGcAagBsAG4AcQBzAHUAdwCEAI4AuQC+AMYCYgJkAmkCdAJ9AosCjwKWAp8CpAKxArQCxgLJAs4AAAAAAAACAQAAAAAAAAAoAAAAAAAAAAAAAAAAAAAC0A==}}

@book{givon1983,
	Date-Added = {2016-05-11 06:26:30 +0000},
	Date-Modified = {2016-05-11 06:26:30 +0000},
	Editor = {Giv\'{o}n, T.},
	Publisher = {Philadelphia: John Benjamins},
	Title = {{Topic continuity in discourse: A quantitative cross-language study}},
	Year = {1983}}

@article{givon1984,
	Author = {Giv\'{o}n, T.},
	Date-Added = {2016-05-11 06:26:30 +0000},
	Date-Modified = {2016-05-11 06:26:30 +0000},
	Journal = {Georgetown University Round Table on Languages and Linguistics 1984. Meaning, form, and use in context: Linguistic applications},
	Pages = {120--138},
	Title = {{The pragmatics of referentiality}},
	Year = {1984}}

@incollection{goldberg2004,
	Address = {Oxford},
	Author = {Goldberg, A.},
	Booktitle = {The handbook of pragmatics},
	Date-Added = {2016-05-11 06:26:30 +0000},
	Date-Modified = {2016-05-11 06:26:30 +0000},
	Editor = {Horn, L. and Ward, G.},
	Pages = {427--441},
	Publisher = {Blackwell},
	Title = {{Pragmatics and argument structure}},
	Year = {2004}}

@phdthesis{goldsmith1976,
	Author = {Goldsmith, J.},
	Date-Added = {2016-05-11 06:26:30 +0000},
	Date-Modified = {2016-05-11 06:26:30 +0000},
	School = {MIT},
	Title = {{Autosegmental phonology}},
	Year = {1976}}

@book{goldsmith1990,
	Author = {Goldsmith, J.},
	Date-Added = {2016-05-11 06:26:30 +0000},
	Date-Modified = {2016-05-11 06:26:30 +0000},
	Publisher = {Blackwell},
	Series = {Oxford},
	Title = {{Autosegmental and metrical phonology}},
	Year = {1990}}

@book{grenoble2006,
	Author = {Grenoble, L.A. and Whaley, L.J.},
	Date-Added = {2016-05-11 06:26:30 +0000},
	Date-Modified = {2016-05-11 06:26:30 +0000},
	Publisher = {Cambridge Univ Pr},
	Title = {{Saving languages: An introduction to language revitalization}},
	Year = {2006}}

@article{gundel1993,
	Author = {Gundel, J.K. and Hedberg, N. and Zacharski, R.},
	Date-Added = {2016-05-11 06:26:30 +0000},
	Date-Modified = {2016-05-11 06:26:30 +0000},
	Issn = {0097-8507},
	Journal = {Language},
	Number = {2},
	Pages = {274--307},
	Publisher = {JSTOR},
	Title = {{Cognitive status and the form of referring expressions in discourse}},
	Volume = {69},
	Year = {1993}}

@incollection{gundel2001,
	Address = {Oxford},
	Author = {Gundel, J.K. and Fretheim, T.},
	Booktitle = {Handbook of pragmatics},
	Date-Added = {2016-05-11 06:26:30 +0000},
	Date-Modified = {2016-05-11 06:26:30 +0000},
	Editor = {Horn, L. and Ward, G.},
	Pages = {175-196},
	Publisher = {Blackwell},
	Title = {{Topic and focus}},
	Year = {2001}}

@unpublished{gundel2004a,
	Author = {Gundel, J.K. and Hedberg, N. and Zacharski, R. and Mulkern, A. and Custis, T. and Swierzbin, B. and Watters, S.},
	Date-Added = {2016-05-11 06:26:30 +0000},
	Date-Modified = {2016-05-11 06:26:30 +0000},
	Note = {Unpublished manuscript, University of Minnesota},
	Title = {{Coding protocol for statuses on the Givenness Hierarchy}},
	Year = {2004}}

@conference{gundel2004b,
	Address = {S{\~a}o Miguel, Portugal},
	Author = {Gundel, J.K. and Hedberg, N. and Zacharski, R.},
	Booktitle = {DAARC-2004 (The Fifth Discourse Anaphora and Anaphora Resolution Colloquium)},
	Date-Added = {2016-05-11 06:26:30 +0000},
	Date-Modified = {2016-05-11 06:26:30 +0000},
	Title = {{Demonstrative pronouns in natural discourse}},
	Year = {2004}}

@article{gundel2010,
	Author = {Gundel, J.K. and Bassene, M. and Gordon, B. and Humnick, L. and Khalfaoui, A.},
	Date-Added = {2016-05-11 06:26:30 +0000},
	Date-Modified = {2016-05-11 06:26:30 +0000},
	Issn = {0378-2166},
	Journal = {Journal of Pragmatics},
	Number = {7},
	Pages = {1770--1785},
	Publisher = {Elsevier},
	Title = {{Testing predictions of the Givenness Hierarchy framework: A crosslinguistic investigation}},
	Volume = {42},
	Year = {2010}}

@article{haiman1978,
	Author = {Haiman, J.},
	Date-Added = {2016-05-11 06:26:30 +0000},
	Date-Modified = {2016-05-11 06:26:30 +0000},
	Journal = {Language},
	Number = {3},
	Pages = {564--589},
	Publisher = {Linguistic Society of America},
	Title = {{Conditionals are topics}},
	Volume = {54},
	Year = {1978}}

@article{halle1993,
	Author = {Halle, M. and Marantz, A.},
	Date-Added = {2016-05-11 06:26:30 +0000},
	Date-Modified = {2016-05-11 06:26:30 +0000},
	Journal = {The view from Building},
	Pages = {111--176},
	Title = {{Distributed morphology and the pieces of inflection}},
	Volume = {20},
	Year = {1993}}

@article{haraguchi1988,
	Author = {Haraguchi, S.},
	Date-Added = {2016-05-11 06:26:30 +0000},
	Date-Modified = {2016-05-11 06:26:30 +0000},
	Journal = {Autosegmental Studies on Pitch Accent},
	Pages = {123-150},
	Publisher = {Foris Pubns USA},
	Title = {{Pitch accent and intonation in Japanese}},
	Year = {1988}}

@article{harley2005,
	Author = {Harley, H.},
	Date-Added = {2016-05-11 06:26:30 +0000},
	Date-Modified = {2016-05-11 06:26:30 +0000},
	Journal = {ms., University of Arizona},
	Title = {{On the causative construction}},
	Year = {2005}}

@article{haspelmath2006,
	Author = {Haspelmath, M.},
	Date-Added = {2016-05-11 06:26:30 +0000},
	Date-Modified = {2016-05-11 06:26:30 +0000},
	Journal = {Language},
	Number = {4},
	Pages = {908-912},
	Title = {{Preferred Argument Structure: Grammar as architecture for function (review)}},
	Volume = {83},
	Year = {2006}}

@article{haviland1996,
	Author = {Haviland, J.B.},
	Date-Added = {2016-05-11 06:26:30 +0000},
	Date-Modified = {2016-05-11 06:26:30 +0000},
	Journal = {Natural histories of discourse},
	Pages = {45--78},
	Title = {{Text from talk in Tzotzil}},
	Year = {1996}}

@book{heath1972,
	Address = {New York},
	Author = {Heath, S.B.},
	Date-Added = {2016-05-11 06:26:30 +0000},
	Date-Modified = {2016-05-11 06:26:30 +0000},
	Isbn = {0807715085},
	Publisher = {Teachers College Press},
	Title = {{Telling tongues: Language policy in Mexico, colony to nation}},
	Year = {1972}}

@mastersthesis{heise2003,
	Author = {Heise, J.L.},
	Date-Added = {2016-05-11 06:26:30 +0000},
	Date-Modified = {2016-05-11 06:26:30 +0000},
	School = {Graduate Institute of Applied Linguistics.},
	Title = {\textit{Participant reference and tracking in San Francisco Ozolotepec Zapotec}},
	Year = {2003}}

@incollection{himmelmann2006,
	Address = {Berlin},
	Author = {Himmelmann, N.P.},
	Booktitle = {Essentials of language documentation},
	Date-Added = {2016-05-11 06:26:30 +0000},
	Date-Modified = {2016-05-11 06:26:30 +0000},
	Editor = {Gippert, J. and Himmelmann, N. and Mosel, U.},
	Isbn = {3110188643},
	Pages = {163-182},
	Publisher = {Mouton de Gruyter},
	Title = {{Prosody in language documentation}},
	Year = {2006}}

@article{hinton1991,
	Author = {Hinton, L. and Buckley, G. and Kramer, M. and Meacham, M.},
	Date-Added = {2016-05-11 06:26:30 +0000},
	Date-Modified = {2016-05-11 06:26:30 +0000},
	Journal = {American Indian Languages Conferences: Occasional Papers on Linguistics},
	Pages = {147--55},
	Title = {{Preliminary analysis of Chalcatongo Mixtec Tone. James E. Redden, ed}},
	Volume = {16},
	Year = {1991}}

@book{hinton2001,
	Author = {Hinton, L.},
	Date-Added = {2016-05-11 06:26:30 +0000},
	Date-Modified = {2016-05-11 06:26:30 +0000},
	Publisher = {Academic Press},
	Title = {{The green book of language revitalization in practice}},
	Year = {2001}}

@phdthesis{hollenbach1984,
	Author = {Hollenbach, B.},
	Date-Added = {2016-05-11 06:26:30 +0000},
	Date-Modified = {2016-05-11 06:26:30 +0000},
	School = {University of Arizona},
	Title = {{The phonology and morphology of tone and laryngeals in Copala Trique}},
	Year = {1984}}

@article{hopper1980,
	Author = {Hopper, P.J. and Thompson, S.A.},
	Date-Added = {2016-05-11 06:26:30 +0000},
	Date-Modified = {2016-05-11 06:26:30 +0000},
	Journal = {Language},
	Number = {2},
	Pages = {251--299},
	Publisher = {Linguistic Society of America},
	Title = {{Transitivity in grammar and discourse}},
	Volume = {56},
	Year = {1980}}

@conference{hymantoappear,
	Author = {Hyman, L.},
	Booktitle = {The handbook of phonological theory},
	Date-Added = {2016-05-11 06:26:30 +0000},
	Date-Modified = {2016-05-11 06:26:30 +0000},
	Title = {Tone: is it different?},
	Year = {to appear}}

@article{inkelas1988,
	Author = {Inkelas, S. and Zec, D.},
	Date-Added = {2016-05-11 06:26:30 +0000},
	Date-Modified = {2016-05-11 06:26:30 +0000},
	Journal = {Language},
	Pages = {227--248},
	Publisher = {Linguistic Society of America},
	Title = {{Serbo-Croatian pitch accent: the interaction of tone, stress, and intonation}},
	Year = {1988}}

@article{jakobson1966,
	Author = {Jakobson, R.},
	Date-Added = {2016-05-11 06:26:30 +0000},
	Date-Modified = {2016-05-11 06:30:02 +0000},
	Journal = {Language},
	Number = {2},
	Pages = {399--429},
	Publisher = {JSTOR},
	Title = {{Grammatical parallelism and its Russian facet}},
	Volume = {42},
	Year = {1966}}

@book{jones1979a,
	Address = {Dallas},
	Date-Added = {2016-05-11 06:26:30 +0000},
	Date-Modified = {2016-05-11 06:26:30 +0000},
	Editor = {Jones, L.K. and Longacre, R.E.},
	Publisher = {Summer Institute of Linguistics},
	Title = {{Discourse studies in Mesoamerican languages}},
	Year = {1979}}

@incollection{jones1979b,
	Address = {Dallas},
	Author = {Jones, L.B. and Nellis, D.},
	Booktitle = {Discourse studies in Mesoamerican languages},
	Date-Added = {2016-05-11 06:26:30 +0000},
	Date-Modified = {2016-05-11 06:26:30 +0000},
	Editor = {Jones, L.K.},
	Pages = {123-140},
	Publisher = {Summer Institute of Linguistics},
	Title = {{A discourse particle in Cajonos Zapotec}},
	Volume = {1},
	Year = {1979}}

@article{joseph1987,
	Author = {Joseph, B.},
	Date-Added = {2016-05-11 06:26:30 +0000},
	Date-Modified = {2016-05-11 06:26:30 +0000},
	Journal = {Mediterranean Language Review},
	Pages = {3--105},
	Title = {{A fresh look at the Balkan Sprachbund: some observations on HW Schaller's Die Balkansprachen}},
	Year = {1987}}

@article{joseph2000,
	Author = {Joseph, B.},
	Date-Added = {2016-05-11 06:26:30 +0000},
	Date-Modified = {2016-05-11 06:26:30 +0000},
	Journal = {Balkan Linguistik: Synchronie und Diachronie},
	Pages = {139--50},
	Title = {{Processes of spread for syntactic constructions in the Balkans}},
	Year = {2000}}

@book{jun2005,
	Address = {New York},
	Author = {Jun, S.A.},
	Date-Added = {2016-05-11 06:26:30 +0000},
	Date-Modified = {2016-05-11 06:26:30 +0000},
	Publisher = {Oxford University Press},
	Title = {{Prosodic typology: The phonology of intonation and phrasing}},
	Year = {2005}}

@article{justeson1993,
	Author = {Justeson, J.S. and Kaufman, T.},
	Date-Added = {2016-05-11 06:26:30 +0000},
	Date-Modified = {2016-05-11 06:26:30 +0000},
	Issn = {0036-8075},
	Journal = {Science},
	Number = {5102},
	Pages = {1703},
	Publisher = {American Association for the Advancement of Science},
	Title = {{A decipherment of Epi-Olmec hieroglyphic writing}},
	Volume = {259},
	Year = {1993}}

@unpublished{justeson2001,
	Author = {Kaufman, T. and Justeson, J.S.},
	Date-Added = {2016-05-11 06:26:30 +0000},
	Date-Modified = {2016-05-11 06:26:30 +0000},
	Note = {(available on-line at albany.edu)},
	Title = {Epi-Olmec hieroglyphic writing and texts},
	Year = {2001}}

@article{kaufman1976,
	Author = {Kaufman, T.},
	Date-Added = {2016-05-11 06:26:30 +0000},
	Date-Modified = {2016-05-11 06:26:30 +0000},
	Issn = {0043-8243},
	Journal = {World Archaeology},
	Number = {1},
	Pages = {101--118},
	Publisher = {Routledge},
	Title = {{Archaeological and linguistic correlations in Mayaland and associated areas of Meso-America}},
	Volume = {8},
	Year = {1976}}

@unpublished{kaufman2007,
	Author = {Kaufman, T.},
	Date-Added = {2016-05-11 06:26:30 +0000},
	Date-Modified = {2016-05-11 06:26:30 +0000},
	Note = {ms},
	Title = {Proto-Zapotec Reconstructions},
	Year = {2007}}

@inproceedings{kerslake1996,
	Author = {Kerslake, C.},
	Booktitle = {{Proceedings of the VIIIth International Conference on Turkish Linguistics}},
	Date-Added = {2016-05-11 06:26:30 +0000},
	Date-Modified = {2018-08-29 23:28:09 -0700},
	Pages = {49--59},
	Title = {{Future time reference in subordinate clauses in Turkish}},
	Year = {1996}}

@article{kim1995,
	Author = {Kim, K.},
	Date-Added = {2016-05-11 06:26:30 +0000},
	Date-Modified = {2016-05-11 06:26:30 +0000},
	Journal = {Word order in Discourse},
	Pages = {247--296},
	Publisher = {Amsterdam \& Philadelphia: John Benjamins Publishing Company},
	Title = {{WH-clefts and left-dislocation in English conversation}},
	Year = {1995}}

@book{king1995,
	Author = {King, T.H.},
	Date-Added = {2016-05-11 06:26:30 +0000},
	Date-Modified = {2016-05-11 06:26:30 +0000},
	Publisher = {University of Chicago Press},
	Title = {{Configuring topic and focus in Russian}},
	Year = {1995}}

@incollection{konig2007,
	Address = {Cambridge},
	Author = {K{\"o}nig, E. and Siemund, P.},
	Booktitle = {Language typology and syntactic description},
	Date-Added = {2016-05-11 06:26:30 +0000},
	Date-Modified = {2018-08-29 23:28:01 -0700},
	Editor = {Shopen, E.},
	Journal = {Language typology and syntactic description},
	Pages = {276--324},
	Publisher = {Cambridge University Press},
	Title = {Speech act distinctions in grammar},
	Volume = {1},
	Year = {2007},
	Bdsk-File-1 = {YnBsaXN0MDDUAQIDBAUGJCVYJHZlcnNpb25YJG9iamVjdHNZJGFyY2hpdmVyVCR0b3ASAAGGoKgHCBMUFRYaIVUkbnVsbNMJCgsMDxJXTlMua2V5c1pOUy5vYmplY3RzViRjbGFzc6INDoACgAOiEBGABIAFgAdccmVsYXRpdmVQYXRoWWFsaWFzRGF0YV8QLS4uL2NvbmZlcmVuY2VzLzIwMTQgR1VSVC9tYXJjaGVzZTE5NzcuYmliLnR4dNIXCxgZV05TLmRhdGFPEQHWAAAAAAHWAAIAAAxNYWNpbnRvc2ggSEQAAAAAAAAAAAAAAAAAAADKQLGsSCsAAABKyK0UbWFyY2hlc2UxOTc3LmJpYi50eHQAAAAAAAAAAAAAAAAAAAAAAAAAAAAAAAAAAAAAAAAAAAAAAAAAAAAAAAAAAFkTys9Gi6UAAAAAAAAAAAABAAMAAAkgAAAAAAAAAAAAAAAAAAAACTIwMTQgR1VSVAAAEAAIAADKQOnsAAAAEQAIAADPRsPlAAAAAQAUAErIrQAG3isARDGwAAUCNgAAvuwAAgBYTWFjaW50b3NoIEhEOlVzZXJzOgBqb3Rham90YToAR29vZ2xlIERyaXZlOgBjb25mZXJlbmNlczoAMjAxNCBHVVJUOgBtYXJjaGVzZTE5NzcuYmliLnR4dAAOACoAFABtAGEAcgBjAGgAZQBzAGUAMQA5ADcANwAuAGIAaQBiAC4AdAB4AHQADwAaAAwATQBhAGMAaQBuAHQAbwBzAGgAIABIAEQAEgBGVXNlcnMvam90YWpvdGEvR29vZ2xlIERyaXZlL2NvbmZlcmVuY2VzLzIwMTQgR1VSVC9tYXJjaGVzZTE5NzcuYmliLnR4dAATAAEvAAAVAAIAD///AACABtIbHB0eWiRjbGFzc25hbWVYJGNsYXNzZXNdTlNNdXRhYmxlRGF0YaMdHyBWTlNEYXRhWE5TT2JqZWN00hscIiNcTlNEaWN0aW9uYXJ5oiIgXxAPTlNLZXllZEFyY2hpdmVy0SYnVHJvb3SAAQAIABEAGgAjAC0AMgA3AEAARgBNAFUAYABnAGoAbABuAHEAcwB1AHcAhACOAL4AwwDLAqUCpwKsArcCwALOAtIC2QLiAucC9AL3AwkDDAMRAAAAAAAAAgEAAAAAAAAAKAAAAAAAAAAAAAAAAAAAAxM=},
	Bdsk-File-2 = {YnBsaXN0MDDUAQIDBAUGJCVYJHZlcnNpb25YJG9iamVjdHNZJGFyY2hpdmVyVCR0b3ASAAGGoKgHCBMUFRYaIVUkbnVsbNMJCgsMDxJXTlMua2V5c1pOUy5vYmplY3RzViRjbGFzc6INDoACgAOiEBGABIAFgAdccmVsYXRpdmVQYXRoWWFsaWFzRGF0YV8QLS4uL2NvbmZlcmVuY2VzLzIwMTQgR1VSVC9tYXJjaGVzZTE5ODcuYmliLnR4dNIXCxgZV05TLmRhdGFPEQHWAAAAAAHWAAIAAAxNYWNpbnRvc2ggSEQAAAAAAAAAAAAAAAAAAADKQLGsSCsAAABKyK0UbWFyY2hlc2UxOTg3LmJpYi50eHQAAAAAAAAAAAAAAAAAAAAAAAAAAAAAAAAAAAAAAAAAAAAAAAAAAAAAAAAAAFkT389Gi8EAAAAAAAAAAAABAAMAAAkgAAAAAAAAAAAAAAAAAAAACTIwMTQgR1VSVAAAEAAIAADKQOnsAAAAEQAIAADPRsQBAAAAAQAUAErIrQAG3isARDGwAAUCNgAAvuwAAgBYTWFjaW50b3NoIEhEOlVzZXJzOgBqb3Rham90YToAR29vZ2xlIERyaXZlOgBjb25mZXJlbmNlczoAMjAxNCBHVVJUOgBtYXJjaGVzZTE5ODcuYmliLnR4dAAOACoAFABtAGEAcgBjAGgAZQBzAGUAMQA5ADgANwAuAGIAaQBiAC4AdAB4AHQADwAaAAwATQBhAGMAaQBuAHQAbwBzAGgAIABIAEQAEgBGVXNlcnMvam90YWpvdGEvR29vZ2xlIERyaXZlL2NvbmZlcmVuY2VzLzIwMTQgR1VSVC9tYXJjaGVzZTE5ODcuYmliLnR4dAATAAEvAAAVAAIAD///AACABtIbHB0eWiRjbGFzc25hbWVYJGNsYXNzZXNdTlNNdXRhYmxlRGF0YaMdHyBWTlNEYXRhWE5TT2JqZWN00hscIiNcTlNEaWN0aW9uYXJ5oiIgXxAPTlNLZXllZEFyY2hpdmVy0SYnVHJvb3SAAQAIABEAGgAjAC0AMgA3AEAARgBNAFUAYABnAGoAbABuAHEAcwB1AHcAhACOAL4AwwDLAqUCpwKsArcCwALOAtIC2QLiAucC9AL3AwkDDAMRAAAAAAAAAgEAAAAAAAAAKAAAAAAAAAAAAAAAAAAAAxM=},
	Bdsk-File-3 = {YnBsaXN0MDDUAQIDBAUGJCVYJHZlcnNpb25YJG9iamVjdHNZJGFyY2hpdmVyVCR0b3ASAAGGoKgHCBMUFRYaIVUkbnVsbNMJCgsMDxJXTlMua2V5c1pOUy5vYmplY3RzViRjbGFzc6INDoACgAOiEBGABIAFgAdccmVsYXRpdmVQYXRoWWFsaWFzRGF0YV8QKC4uL2NvbmZlcmVuY2VzLzIwMTQgR1VSVC9wZWthcmVrLmJpYi50eHTSFwsYGVdOUy5kYXRhTxEBxAAAAAABxAACAAAMTWFjaW50b3NoIEhEAAAAAAAAAAAAAAAAAAAAykCxrEgrAAAASsitD3Bla2FyZWsuYmliLnR4dAAAAAAAAAAAAAAAAAAAAAAAAAAAAAAAAAAAAAAAAAAAAAAAAAAAAAAAAAAAAAAAAABZE13PRoo5AAAAAAAAAAAAAQADAAAJIAAAAAAAAAAAAAAAAAAAAAkyMDE0IEdVUlQAABAACAAAykDp7AAAABEACAAAz0bCeQAAAAEAFABKyK0ABt4rAEQxsAAFAjYAAL7sAAIAU01hY2ludG9zaCBIRDpVc2VyczoAam90YWpvdGE6AEdvb2dsZSBEcml2ZToAY29uZmVyZW5jZXM6ADIwMTQgR1VSVDoAcGVrYXJlay5iaWIudHh0AAAOACAADwBwAGUAawBhAHIAZQBrAC4AYgBpAGIALgB0AHgAdAAPABoADABNAGEAYwBpAG4AdABvAHMAaAAgAEgARAASAEFVc2Vycy9qb3Rham90YS9Hb29nbGUgRHJpdmUvY29uZmVyZW5jZXMvMjAxNCBHVVJUL3Bla2FyZWsuYmliLnR4dAAAEwABLwAAFQACAA///wAAgAbSGxwdHlokY2xhc3NuYW1lWCRjbGFzc2VzXU5TTXV0YWJsZURhdGGjHR8gVk5TRGF0YVhOU09iamVjdNIbHCIjXE5TRGljdGlvbmFyeaIiIF8QD05TS2V5ZWRBcmNoaXZlctEmJ1Ryb290gAEACAARABoAIwAtADIANwBAAEYATQBVAGAAZwBqAGwAbgBxAHMAdQB3AIQAjgC5AL4AxgKOApAClQKgAqkCtwK7AsICywLQAt0C4ALyAvUC+gAAAAAAAAIBAAAAAAAAACgAAAAAAAAAAAAAAAAAAAL8},
	Bdsk-File-4 = {YnBsaXN0MDDUAQIDBAUGJCVYJHZlcnNpb25YJG9iamVjdHNZJGFyY2hpdmVyVCR0b3ASAAGGoKgHCBMUFRYaIVUkbnVsbNMJCgsMDxJXTlMua2V5c1pOUy5vYmplY3RzViRjbGFzc6INDoACgAOiEBGABIAFgAdccmVsYXRpdmVQYXRoWWFsaWFzRGF0YV8QKi4uL2NvbmZlcmVuY2VzLzIwMTQgR1VSVC9zYWNrczE5NzQuYmliLnR4dNIXCxgZV05TLmRhdGFPEQHMAAAAAAHMAAIAAAxNYWNpbnRvc2ggSEQAAAAAAAAAAAAAAAAAAADKQLGsSCsAAABKyK0Rc2Fja3MxOTc0LmJpYi50eHQAAAAAAAAAAAAAAAAAAAAAAAAAAAAAAAAAAAAAAAAAAAAAAAAAAAAAAAAAAAAAAFkThc9GiyMAAAAAAAAAAAABAAMAAAkgAAAAAAAAAAAAAAAAAAAACTIwMTQgR1VSVAAAEAAIAADKQOnsAAAAEQAIAADPRsNjAAAAAQAUAErIrQAG3isARDGwAAUCNgAAvuwAAgBVTWFjaW50b3NoIEhEOlVzZXJzOgBqb3Rham90YToAR29vZ2xlIERyaXZlOgBjb25mZXJlbmNlczoAMjAxNCBHVVJUOgBzYWNrczE5NzQuYmliLnR4dAAADgAkABEAcwBhAGMAawBzADEAOQA3ADQALgBiAGkAYgAuAHQAeAB0AA8AGgAMAE0AYQBjAGkAbgB0AG8AcwBoACAASABEABIAQ1VzZXJzL2pvdGFqb3RhL0dvb2dsZSBEcml2ZS9jb25mZXJlbmNlcy8yMDE0IEdVUlQvc2Fja3MxOTc0LmJpYi50eHQAABMAAS8AABUAAgAP//8AAIAG0hscHR5aJGNsYXNzbmFtZVgkY2xhc3Nlc11OU011dGFibGVEYXRhox0fIFZOU0RhdGFYTlNPYmplY3TSGxwiI1xOU0RpY3Rpb25hcnmiIiBfEA9OU0tleWVkQXJjaGl2ZXLRJidUcm9vdIABAAgAEQAaACMALQAyADcAQABGAE0AVQBgAGcAagBsAG4AcQBzAHUAdwCEAI4AuwDAAMgCmAKaAp8CqgKzAsECxQLMAtUC2gLnAuoC/AL/AwQAAAAAAAACAQAAAAAAAAAoAAAAAAAAAAAAAAAAAAADBg==},
	Bdsk-File-5 = {YnBsaXN0MDDUAQIDBAUGJCVYJHZlcnNpb25YJG9iamVjdHNZJGFyY2hpdmVyVCR0b3ASAAGGoKgHCBMUFRYaIVUkbnVsbNMJCgsMDxJXTlMua2V5c1pOUy5vYmplY3RzViRjbGFzc6INDoACgAOiEBGABIAFgAdccmVsYXRpdmVQYXRoWWFsaWFzRGF0YV8QLi4uL2NvbmZlcmVuY2VzLzIwMTQgR1VSVC9zY2hlZ2xvZmYyMDA2LmJpYi50eHTSFwsYGVdOUy5kYXRhTxEB3AAAAAAB3AACAAAMTWFjaW50b3NoIEhEAAAAAAAAAAAAAAAAAAAAykCxrEgrAAAASsitFXNjaGVnbG9mZjIwMDYuYmliLnR4dAAAAAAAAAAAAAAAAAAAAAAAAAAAAAAAAAAAAAAAAAAAAAAAAAAAAAAAAABZE7TPRouGAAAAAAAAAAAAAQADAAAJIAAAAAAAAAAAAAAAAAAAAAkyMDE0IEdVUlQAABAACAAAykDp7AAAABEACAAAz0bDxgAAAAEAFABKyK0ABt4rAEQxsAAFAjYAAL7sAAIAWU1hY2ludG9zaCBIRDpVc2VyczoAam90YWpvdGE6AEdvb2dsZSBEcml2ZToAY29uZmVyZW5jZXM6ADIwMTQgR1VSVDoAc2NoZWdsb2ZmMjAwNi5iaWIudHh0AAAOACwAFQBzAGMAaABlAGcAbABvAGYAZgAyADAAMAA2AC4AYgBpAGIALgB0AHgAdAAPABoADABNAGEAYwBpAG4AdABvAHMAaAAgAEgARAASAEdVc2Vycy9qb3Rham90YS9Hb29nbGUgRHJpdmUvY29uZmVyZW5jZXMvMjAxNCBHVVJUL3NjaGVnbG9mZjIwMDYuYmliLnR4dAAAEwABLwAAFQACAA///wAAgAbSGxwdHlokY2xhc3NuYW1lWCRjbGFzc2VzXU5TTXV0YWJsZURhdGGjHR8gVk5TRGF0YVhOU09iamVjdNIbHCIjXE5TRGljdGlvbmFyeaIiIF8QD05TS2V5ZWRBcmNoaXZlctEmJ1Ryb290gAEACAARABoAIwAtADIANwBAAEYATQBVAGAAZwBqAGwAbgBxAHMAdQB3AIQAjgC/AMQAzAKsAq4CswK+AscC1QLZAuAC6QLuAvsC/gMQAxMDGAAAAAAAAAIBAAAAAAAAACgAAAAAAAAAAAAAAAAAAAMa},
	Bdsk-File-6 = {YnBsaXN0MDDUAQIDBAUGJCVYJHZlcnNpb25YJG9iamVjdHNZJGFyY2hpdmVyVCR0b3ASAAGGoKgHCBMUFRYaIVUkbnVsbNMJCgsMDxJXTlMua2V5c1pOUy5vYmplY3RzViRjbGFzc6INDoACgAOiEBGABIAFgAdccmVsYXRpdmVQYXRoWWFsaWFzRGF0YV8QLS4uL2NvbmZlcmVuY2VzLzIwMTQgR1VSVC90aG9tcHNvbjIwMDcuYmliLnR4dNIXCxgZV05TLmRhdGFPEQHWAAAAAAHWAAIAAAxNYWNpbnRvc2ggSEQAAAAAAAAAAAAAAAAAAADKQLGsSCsAAABKyK0UdGhvbXBzb24yMDA3LmJpYi50eHQAAAAAAAAAAAAAAAAAAAAAAAAAAAAAAAAAAAAAAAAAAAAAAAAAAAAAAAAAAFkUHc9GjGAAAAAAAAAAAAABAAMAAAkgAAAAAAAAAAAAAAAAAAAACTIwMTQgR1VSVAAAEAAIAADKQOnsAAAAEQAIAADPRsSgAAAAAQAUAErIrQAG3isARDGwAAUCNgAAvuwAAgBYTWFjaW50b3NoIEhEOlVzZXJzOgBqb3Rham90YToAR29vZ2xlIERyaXZlOgBjb25mZXJlbmNlczoAMjAxNCBHVVJUOgB0aG9tcHNvbjIwMDcuYmliLnR4dAAOACoAFAB0AGgAbwBtAHAAcwBvAG4AMgAwADAANwAuAGIAaQBiAC4AdAB4AHQADwAaAAwATQBhAGMAaQBuAHQAbwBzAGgAIABIAEQAEgBGVXNlcnMvam90YWpvdGEvR29vZ2xlIERyaXZlL2NvbmZlcmVuY2VzLzIwMTQgR1VSVC90aG9tcHNvbjIwMDcuYmliLnR4dAATAAEvAAAVAAIAD///AACABtIbHB0eWiRjbGFzc25hbWVYJGNsYXNzZXNdTlNNdXRhYmxlRGF0YaMdHyBWTlNEYXRhWE5TT2JqZWN00hscIiNcTlNEaWN0aW9uYXJ5oiIgXxAPTlNLZXllZEFyY2hpdmVy0SYnVHJvb3SAAQAIABEAGgAjAC0AMgA3AEAARgBNAFUAYABnAGoAbABuAHEAcwB1AHcAhACOAL4AwwDLAqUCpwKsArcCwALOAtIC2QLiAucC9AL3AwkDDAMRAAAAAAAAAgEAAAAAAAAAKAAAAAAAAAAAAAAAAAAAAxM=}}

@conference{konnerth2013,
	Address = {University of Bielefeld, Germany},
	Author = {Konnerth, L.},
	Booktitle = {{Information Structure in Spoken Language Corpora}},
	Date-Added = {2016-05-11 06:26:30 +0000},
	Date-Modified = {2018-08-29 23:27:53 -0700},
	Title = {{Additive particle and discourse contrast marker: Evidence from {{K}}arbi ({{T}}ibeto-{{B}}urman) \textit{=ta}}},
	Year = {2013}}

@article{kreikebaum1987,
	Author = {Kreikebaum, W.},
	Date-Added = {2016-05-11 06:26:30 +0000},
	Date-Modified = {2016-05-11 06:26:30 +0000},
	Journal = {SIL Mexico Workpapers},
	Pages = {33--71},
	Title = {{Fronting and related features in Santo Domingo Albarradas Zapotec}},
	Volume = {9},
	Year = {1987}}

@book{ladd1996,
	Address = {Cambridge},
	Author = {Ladd, D.R.},
	Date-Added = {2016-05-11 06:26:30 +0000},
	Date-Modified = {2016-05-11 06:26:30 +0000},
	Publisher = {Cambridge University Press},
	Title = {{Intonational phonology}},
	Year = {1996}}

@book{lambrecht1994,
	Author = {Lambrecht, K.},
	Date-Added = {2016-05-11 06:26:30 +0000},
	Date-Modified = {2016-05-11 06:26:30 +0000},
	Publisher = {Cambridge: Cambridge University Press},
	Title = {{Information structure and sentence form}},
	Year = {1994}}

@incollection{lambrecht2001a,
	Address = {Berlin},
	Author = {Lambrecht, K.},
	Booktitle = {Language typology and language universals: An international Handbook},
	Date-Added = {2016-05-11 06:26:30 +0000},
	Date-Modified = {2016-05-11 06:26:30 +0000},
	Editor = {Haspelmath, M.},
	Pages = {1050--78},
	Publisher = {Mouton de Gruyter},
	Title = {{Dislocation}},
	Volume = {2},
	Year = {2001}}

@article{lambrecht2001b,
	Author = {Lambrecht, K.},
	Date-Added = {2016-05-11 06:26:30 +0000},
	Date-Modified = {2016-05-11 06:26:30 +0000},
	Issn = {0024-3949},
	Journal = {Linguistics},
	Number = {3},
	Pages = {463--516},
	Publisher = {Walter de Gruyter},
	Title = {{A framework for the analysis of cleft constructions}},
	Volume = {39},
	Year = {2001}}

@book{laver1994,
	Author = {Laver, J.},
	Date-Added = {2016-05-11 06:26:30 +0000},
	Date-Modified = {2016-05-11 06:26:30 +0000},
	Publisher = {Cambridge University Press},
	Title = {{Principles of phonetics}},
	Year = {1994}}

@incollection{lee2000,
	Address = {New York},
	Author = {Lee, F.},
	Booktitle = {The syntax of verb-initial languages},
	Date-Added = {2016-05-11 06:26:30 +0000},
	Date-Modified = {2016-05-11 06:26:30 +0000},
	Editor = {Carnie, A. and Guilfoyle, E.},
	Pages = {143--162},
	Publisher = {Oxford University Press},
	Title = {{VP remnant movement and VSO in Quiavini Zapotec}},
	Year = {2000}}

@book{lee2009,
	Address = {Dordrecht},
	Author = {Lee, C. and Gordon, M. and B{\"u}ring, D.},
	Date-Added = {2016-05-11 06:26:30 +0000},
	Date-Modified = {2016-05-11 06:26:30 +0000},
	Publisher = {Springer},
	Title = {{Topic and focus: cross-linguistic perspectives on meaning and intonation}},
	Year = {2009}}

@book{lewis2016,
	Address = {Dallas},
	Date-Added = {2016-05-11 06:26:30 +0000},
	Date-Modified = {2016-05-11 06:26:30 +0000},
	Edition = {19th},
	Editor = {Lewis, M.P. and Simons, G.F. and Fennig, C.D.},
	Journal = {Online version: http://www.ethnologue.com},
	Publisher = {SIL International},
	Title = {Ethnologue: Languages of the world},
	Year = {2016}}

@incollection{li1976,
	Address = {New York},
	Author = {Li, C.N. and Thompson, S.A.},
	Booktitle = {{Subject and Topic}},
	Date-Added = {2016-05-11 06:26:30 +0000},
	Date-Modified = {2016-05-11 06:26:30 +0000},
	Editor = {Li, C.N.},
	Pages = {459--489},
	Publisher = {Academic Press},
	Title = {{Subject and Topic}: a new typology of language.},
	Year = {1976}}

@phdthesis{lillehaugen2006,
	Author = {Lillehaugen, B.D.},
	Date-Added = {2016-05-11 06:26:30 +0000},
	Date-Modified = {2016-05-11 06:26:30 +0000},
	Publisher = {UCLA},
	School = {University of California, Los Angeles},
	Title = {{Expressing Location in {{T}}lacolula {{V}}alley {{Z}}apotec}},
	Year = {2006}}

@article{long1985,
	Author = {Long, R.},
	Date-Added = {2016-05-11 06:26:30 +0000},
	Date-Modified = {2016-05-11 06:26:30 +0000},
	Journal = {SIL Mexico Workpapers},
	Pages = {61--100},
	Title = {{Topicalization in Zoogocho Zapotec expository discourse}},
	Volume = {7},
	Year = {1985}}

@incollection{longacre1995,
	Address = {Philadelphia},
	Author = {Longacre, R.E.},
	Booktitle = {Word order in discourse},
	Date-Added = {2016-05-11 06:26:30 +0000},
	Date-Modified = {2016-05-11 06:26:30 +0000},
	Editor = {Downing, P. and Noonan, M.},
	Pages = {331--54},
	Publisher = {John Benjamins},
	Title = {{Left shifts in strongly VSO languages}},
	Year = {1995}}

@article{macaulay1995,
	Author = {Macaulay, M. and Salmons, J.C.},
	Date-Added = {2016-05-11 06:26:30 +0000},
	Date-Modified = {2016-05-11 06:26:30 +0000},
	Journal = {International Journal of American Linguistics},
	Pages = {38--61},
	Publisher = {University of Chicago Press},
	Title = {{The phonology of glottalization in Mixtec}},
	Year = {1995}}

@incollection{macaulay2005,
	Address = {Philadelphia},
	Author = {Macaulay, Monica},
	Booktitle = {Verb First: On the syntax of verb-initial languages},
	Date-Added = {2016-05-11 06:26:30 +0000},
	Date-Modified = {2016-05-11 06:26:30 +0000},
	Editor = {Carnie, A. and Harley, H. and Dooley, S.A.},
	Pages = {341-366},
	Publisher = {John Benjamins},
	Title = {The syntax of Chalcatongo Mixtec},
	Year = {2005}}

@article{maclaury1989,
	Author = {MacLaury, R.E.},
	Date-Added = {2016-05-11 06:26:30 +0000},
	Date-Modified = {2016-05-11 06:26:30 +0000},
	Issn = {0020-7071},
	Journal = {International Journal of American Linguistics},
	Number = {2},
	Pages = {119--154},
	Publisher = {JSTOR},
	Title = {{Zapotec body-part locatives: Prototypes and metaphoric extensions}},
	Volume = {55},
	Year = {1989}}

@article{marchese1977,
	Author = {Marchese, L.},
	Date-Added = {2016-05-11 06:26:30 +0000},
	Date-Modified = {2018-08-29 23:27:15 -0700},
	Journal = {Studies in African Linguistics, Supplement},
	Pages = {157--164},
	Title = {Subordinate clauses as topics in {{G}}odi\'{e}},
	Volume = {7},
	Year = {1977}}

@inproceedings{marchese1987,
	Author = {Marchese, L.},
	Booktitle = {Coherence and Grounding in Discourse: {{O}}utcome of a symposium, {{E}}ugene, {{O}}regon},
	Date-Added = {2016-05-11 06:26:30 +0000},
	Date-Modified = {2018-08-29 23:27:10 -0700},
	Organization = {John Benjamins Publishing},
	Title = {On the role of conditionals in {{G}}odi\'{e} procedural discourse},
	Volume = {11},
	Year = {1987}}

@conference{marlett1985,
	Author = {Marlett, S. and Pickett, V.},
	Booktitle = {The twelfth LACUS forum},
	Date-Added = {2016-05-11 06:26:30 +0000},
	Date-Modified = {2016-05-11 06:26:30 +0000},
	Pages = {246--55},
	Title = {{Pluralization in Zapotec languages}},
	Year = {1985}}

@article{marlett1987,
	Author = {Marlett, S. and Pickett, V.},
	Date-Added = {2016-05-11 06:26:30 +0000},
	Date-Modified = {2016-05-11 06:26:30 +0000},
	Journal = {International Journal of American Linguistics},
	Number = {4},
	Pages = {398--422},
	Publisher = {University of Chicago Press},
	Title = {{The syllable structure and aspect morphology of Isthmus Zapotec}},
	Volume = {53},
	Year = {1987}}

@article{marlett1996,
	Author = {Marlett, S. and Pickett, V.},
	Date-Added = {2016-05-11 06:26:30 +0000},
	Date-Modified = {2016-05-11 06:26:30 +0000},
	Journal = {III Encuentro de Ling{\"u}{\'\i}stica en el Noroeste},
	Pages = {119-150},
	Title = {{El pronombre inaudible en el zapoteco del Istmo}},
	Year = {1996}}

@book{masica1976,
	Address = {Chicago},
	Author = {Masica, C.},
	Date-Added = {2016-05-11 06:26:30 +0000},
	Date-Modified = {2016-05-11 06:26:30 +0000},
	Publisher = {The University of Chicago Press},
	Title = {{Defining a linguistic area: South Asia}},
	Year = {1976}}

@book{masica2005,
	Author = {Masica, C.P.},
	Date-Added = {2016-05-11 06:26:30 +0000},
	Date-Modified = {2016-05-11 06:26:30 +0000},
	Isbn = {8180280225},
	Publisher = {Orient Blackswan},
	Title = {{Defining a linguistic area-South Asia}},
	Year = {2005}}

@conference{mccawley1970,
	Author = {McCawley, J.},
	Booktitle = {Chicago Linguistic Society},
	Date-Added = {2016-05-11 06:26:30 +0000},
	Date-Modified = {2016-05-11 06:26:30 +0000},
	Pages = {526--32},
	Title = {{Some tonal systems that come close to being pitch accent systems but don't quite make it}},
	Volume = {6},
	Year = {1970}}

@phdthesis{mccomsey2015,
	Author = {McComsey, M.},
	Date-Added = {2016-05-11 06:26:30 +0000},
	Date-Modified = {2016-05-11 06:26:30 +0000},
	School = {University of California, San Diego},
	Title = {Bilingual spaces: Approaches to linguistic relativity in bilingual {{M}}exico},
	Year = {2015}}

@book{mereu2009,
	Address = {Berlin},
	Date-Added = {2016-05-11 06:26:30 +0000},
	Date-Modified = {2018-08-29 23:25:51 -0700},
	Editor = {Mereu, L.},
	Publisher = {Mouton de Gruyter},
	Title = {Information Structure and its Interfaces},
	Year = {2009}}

@incollection{mithun1992,
	Address = {Philadelphia},
	Author = {Mithun, M.},
	Booktitle = {Pragmatics of word order flexibility},
	Date-Added = {2016-05-11 06:26:30 +0000},
	Date-Modified = {2016-05-11 06:26:30 +0000},
	Editor = {Payne, D.L.},
	Pages = {15--61},
	Publisher = {John Benjamins},
	Title = {{Is basic word order universal}},
	Year = {1992}}

@incollection{mithun1995,
	Address = {Philadelphia},
	Author = {Mithun, M.},
	Booktitle = {Word order in discourse},
	Date-Added = {2016-05-11 06:26:30 +0000},
	Date-Modified = {2016-05-11 06:26:30 +0000},
	Editor = {Downing, P. and Noonan, M.},
	Pages = {387--423},
	Publisher = {John Benjamins},
	Title = {{Morphological and prosodic forces shaping word order}},
	Year = {1995}}

@article{mock1983,
	Author = {Mock, C.},
	Date-Added = {2016-05-11 06:26:30 +0000},
	Date-Modified = {2016-05-11 06:26:30 +0000},
	Journal = {Linguistic Analysis},
	Number = {1},
	Pages = {91-139},
	Publisher = {American Elsevier Pub. Co},
	Title = {{Tone Sandhi in Isthmus Zapotec: an Autosegmental Account}},
	Volume = {12},
	Year = {1983}}

@incollection{mock1985a,
	Address = {Norwood},
	Author = {Mock, C.},
	Booktitle = {Systemic Perspectives on Discourse: {{S}}elected Theoretical Papers from the {{N}}inth {{I}}nternational {{S}}ystemic {{W}}orkshop},
	Date-Added = {2016-05-11 06:26:30 +0000},
	Date-Modified = {2016-05-11 06:26:30 +0000},
	Editor = {Benson, J.D. and Greaves, W.S.},
	Pages = {349--372},
	Publisher = {Ablex},
	Title = {{A systemic phonology of Isthmus Zapotec prosodies}},
	Year = {1985}}

@conference{mock1985b,
	Author = {Mock, C.},
	Booktitle = {Papers from the General Session at the Twenty-First Regional Meeting of the {{C}}hicago {{L}}inguistic {{S}}ociety},
	Date-Added = {2016-05-11 06:26:30 +0000},
	Date-Modified = {2016-05-11 06:26:30 +0000},
	Pages = {256-274},
	Title = {Relations between pitch accent and stress},
	Year = {1985}}

@incollection{mock1988,
	Address = {Dordrecht},
	Author = {Mock, C.},
	Booktitle = {Autosegmental Studies on Pitch Accent},
	Date-Added = {2016-05-11 06:26:30 +0000},
	Date-Modified = {2016-05-11 06:26:30 +0000},
	Editor = {Van der Hulst, H.},
	Pages = {197-223},
	Publisher = {Foris},
	Read = {No},
	Title = {{Pitch accent and stress in Isthmus Zapotec}},
	Year = {1988}}

@article{mock1990,
	Author = {Mock, C.},
	Date-Added = {2016-05-11 06:26:30 +0000},
	Date-Modified = {2016-05-11 06:26:30 +0000},
	Journal = {Homenaje a Jorge A. Su{\'a}rez: ling{\"u}{\'\i}stica indoamericana e hisp{\'a}nica},
	Pages = {367--379},
	Title = {{Temporal orientation without tenses: the deixis of time in Isthmus Zapotec}},
	Year = {1990}}

@conference{monzon1979,
	Author = {Monz{\'o}n Garc{\'\i}a, M. & Lara Mart{\'\i}nez, R.},
	Booktitle = {Estudios ling{\"u}{\'\i}sticos en lenguas otomangues},
	Date-Added = {2016-05-11 06:26:30 +0000},
	Date-Modified = {2016-05-11 06:26:30 +0000},
	Editor = {Hopkins, N. & Josserand, J.},
	Pages = {56-65},
	Publisher = {INAH: Mexico},
	Title = {Esbozo de un an{\'a}lisis transformacional de la frase verbal del zapoteco del istmo.},
	Year = {1979}}

@book{nichols1985,
	Author = {Nichols, J. and Woodbury, A.C.},
	Date-Added = {2016-05-11 06:26:30 +0000},
	Date-Modified = {2016-05-11 06:26:30 +0000},
	Publisher = {Cambridge University Press},
	Title = {{Grammar inside and outside the clause: some approaches to theory from the field}},
	Year = {1985}}

@conference{opengin2013,
	Address = {University of Bielefeld, Germany},
	Author = {Opengin, Ergin},
	Booktitle = {{Information Structure in Spoken Language Corpora}},
	Date-Added = {2016-05-11 06:26:30 +0000},
	Date-Modified = {2016-05-11 06:26:30 +0000},
	Title = {Topicalisation in {{C}}entral {{K}}urdish: additive particle and other means},
	Year = {2013}}

@article{payne1987,
	Author = {Payne, D.L.},
	Date-Added = {2016-05-11 06:26:30 +0000},
	Date-Modified = {2016-05-11 06:26:30 +0000},
	Journal = {Language},
	Number = {4},
	Pages = {783--804},
	Publisher = {Linguistic Society of America},
	Title = {{Information structuring in Papago narrative discourse}},
	Volume = {63},
	Year = {1987}}

@book{payne1990,
	Address = {Berlin},
	Author = {Payne, D.L.},
	Date-Added = {2016-05-11 06:26:30 +0000},
	Date-Modified = {2016-05-11 06:26:30 +0000},
	Isbn = {3110122073},
	Publisher = {Walter de Gruyter},
	Title = {{The pragmatics of word order: typological dimensions of verb initial languages}},
	Year = {1990}}

@book{payne1992,
	Address = {Amsterdam},
	Date-Added = {2016-05-11 06:26:30 +0000},
	Date-Modified = {2016-05-11 06:26:30 +0000},
	Editor = {Payne, D.L.},
	Publisher = {John Benjamins},
	Title = {Pragmatics of word order flexibility},
	Year = {1992}}

@incollection{payne1995,
	Address = {Philadelphia},
	Author = {Payne, D.L.},
	Booktitle = {Word order in discourse},
	Date-Added = {2016-05-11 06:26:30 +0000},
	Date-Modified = {2016-05-11 06:26:30 +0000},
	Editor = {Downing, P. and Noonan, M.},
	Pages = {449--85},
	Publisher = {John Benjamins},
	Title = {{Verb initial languages and information order}},
	Year = {1995}}

@incollection{pekarek2011,
	Address = {Berlin},
	Author = {Pekarek Doehler, Simona},
	Booktitle = {Constructions: Emerging and Emergent},
	Date-Added = {2016-05-11 06:26:30 +0000},
	Date-Modified = {2016-05-11 06:26:30 +0000},
	Pages = {45--87},
	Publisher = {Walter de Gruyter},
	Title = {Emergent grammar for all practical purposes: the on-line formatting of left and right dislocations in {{F}}rench conversation},
	Year = {2011}}

@phdthesis{perez2009,
	Author = {P\'{e}rez B\'{a}ez, G.},
	Date-Added = {2016-05-11 06:26:30 +0000},
	Date-Modified = {2016-05-11 06:26:30 +0000},
	School = {State University of New York at Buffalo},
	Title = {Endangerment of a transnational language: {{T}}he case of {{S}}an {{L}}ucas {{Q}}uiavini {{Z}}apotec},
	Year = {2009}}

@article{perez2011a,
	Author = {P\'{e}rez B\'{a}ez, G.},
	Date-Added = {2016-05-11 06:26:30 +0000},
	Date-Modified = {2016-05-11 06:26:30 +0000},
	Journal = {Paper presented at the Society for the Study of the Languages of the Americas},
	Title = {{Morphophonemics of the potential aspect in {{J}}uchit\'{a}n {{Z}}apotec}},
	Year = {2011}}

@article{perez2011b,
	Author = {P\'{e}rez B\'{a}ez, G.},
	Date-Added = {2016-05-11 06:26:30 +0000},
	Date-Modified = {2016-05-11 06:26:30 +0000},
	Journal = {Language Sciences},
	Number = {6},
	Pages = {943--960},
	Publisher = {Elsevier},
	Title = {Spatial frames of reference preferences in {{J}}uchit{\'a}n {{Z}}apotec},
	Volume = {33},
	Year = {2011}}

@article{perez2015,
	Author = {P\'{e}rez B\'{a}ez, G.},
	Date-Added = {2016-05-11 06:26:30 +0000},
	Date-Modified = {2016-05-11 06:26:30 +0000},
	Journal = {Valence Changes in Zapotec: Synchrony, diachrony, typology},
	Pages = {93},
	Publisher = {John Benjamins Publishing Company},
	Title = {Morphological valence-changing processes in {{J}}uchit{\'a}n {{Z}}apotec},
	Volume = {110},
	Year = {2015}}

@unpublished{perezms,
	Author = {Kaufman, T. and Feke, M. and P\'{e}rez B\'{a}ez, G.},
	Date-Added = {2016-05-11 06:26:30 +0000},
	Date-Modified = {2016-05-11 06:26:30 +0000},
	Note = {Project for the Documentation of the Languages of Meso-America},
	Title = {{Lexical Database of Sapoteko of Juchit\'{a}n}},
	Year = {n.d.}}

@incollection{persons1979,
	Address = {Dallas},
	Author = {Persons, D.},
	Booktitle = {Discourse studies in Mesoamerican languages},
	Date-Added = {2016-05-11 06:26:30 +0000},
	Date-Modified = {2016-05-11 06:26:30 +0000},
	Editor = {Jones, L.K. and Longacre, R.E.},
	Journal = {Discourse studies in {{M}}esoamerican languages},
	Pages = {123--40},
	Publisher = {Summer Institute of Linguistics},
	Title = {{Plot structure in {{L}}achixio {{Z}}apotec discourse}},
	Volume = {1},
	Year = {1979}}

@article{pickett1951,
	Author = {Pickett, V.},
	Date-Added = {2016-05-11 06:26:30 +0000},
	Date-Modified = {2016-05-11 06:26:30 +0000},
	Journal = {Word},
	Pages = {60--65},
	Title = {{Nonphonemic stress: a problem in stress placement in Isthmus Zapotec}},
	Volume = {7},
	Year = {1951}}

@article{pickett1953,
	Author = {Pickett, V.},
	Date-Added = {2016-05-11 06:26:30 +0000},
	Date-Modified = {2016-05-11 06:26:30 +0000},
	Journal = {International Journal of American Linguistics},
	Pages = {292--296},
	Publisher = {Indiana University},
	Title = {{Isthmus Zapotec verb analysis I}},
	Year = {1953}}

@article{pickett1955,
	Author = {Pickett, V.},
	Date-Added = {2016-05-11 06:26:30 +0000},
	Date-Modified = {2016-05-11 06:26:30 +0000},
	Journal = {International Journal of American Linguistics},
	Pages = {217--232},
	Publisher = {Indiana University},
	Title = {{Isthmus Zapotec verb analysis II}},
	Year = {1955}}

@article{pickett1960,
	Author = {Pickett, V.},
	Date-Added = {2016-05-11 06:26:30 +0000},
	Date-Modified = {2016-05-11 06:26:30 +0000},
	Journal = {Language},
	Number = {1},
	Pages = {3--101},
	Publisher = {Linguistic Society of America},
	Title = {{The grammatical hierarchy of Isthmus Zapotec}},
	Volume = {36},
	Year = {1960}}

@article{pickett1967,
	Author = {Pickett, V.},
	Date-Added = {2016-05-11 06:26:30 +0000},
	Date-Modified = {2016-05-11 06:26:30 +0000},
	Journal = {Handbook of Middle American Indians},
	Pages = {291--310},
	Title = {{Isthmus Zapotec}},
	Volume = {5},
	Year = {1967}}

@article{pickett1976,
	Author = {Pickett, V.},
	Date-Added = {2016-05-11 06:26:30 +0000},
	Date-Modified = {2016-05-11 06:26:30 +0000},
	Journal = {International Journal of American Linguistics},
	Pages = {162--164},
	Publisher = {University of Chicago Press},
	Title = {{Further comments on Zapotec motion verbs}},
	Year = {1976}}

@book{pickett1979,
	Address = {Mexico, DF},
	Author = {Pickett, V.},
	Date-Added = {2016-05-11 06:26:30 +0000},
	Date-Modified = {2016-05-11 06:26:30 +0000},
	Publisher = {Summer Institute of Linguistics},
	Title = {{Vocabulario zapoteco del Istmo}},
	Year = {1979}}

@book{pickett1998,
	Address = {Oaxaca, Mexico},
	Author = {Pickett, V. and Black, C. and Cerqueda, V.M.},
	Date-Added = {2016-05-11 06:26:30 +0000},
	Date-Modified = {2016-05-11 06:26:30 +0000},
	Publisher = {Centro de Investigaci{\'o}n y Desarrollo Binniz{\'a}; Instituto Ling{\"u}{\'\i}stico de Verano},
	Title = {{Gram{\'a}tica popular del zapoteco del Istmo}},
	Year = {1998}}

@article{pierrehumbert1980,
	Author = {Pierrehumbert, J.},
	Date-Added = {2016-05-11 06:26:30 +0000},
	Date-Modified = {2016-05-11 06:26:30 +0000},
	Journal = {Journal of the Acoustical Society of America},
	Pages = {363--369},
	Title = {{The phonetics and phonology of English intonation}},
	Volume = {66},
	Year = {1980}}

@book{pierrehumbert1988,
	Author = {Pierrehumbert, J. and Beckman, M.},
	Date-Added = {2016-05-11 06:26:30 +0000},
	Date-Modified = {2016-05-11 06:26:30 +0000},
	Isbn = {0262161095},
	Publisher = {The MIT Press},
	Title = {{Japanese tone structure}},
	Year = {1988}}

@incollection{pierrehumbert1990,
	Address = {Cambridge, MA},
	Author = {Pierrehumbert, J. and Hirschberg, J.},
	Booktitle = {Intentions in communication},
	Date-Added = {2016-05-11 06:26:30 +0000},
	Date-Modified = {2016-05-11 06:26:30 +0000},
	Isbn = {0262031507},
	Pages = {271-312},
	Publisher = {MIT Press},
	Title = {{The meaning of intonational contours in the interpretation of discourse}},
	Year = {1990}}

@article{piper1995,
	Author = {Piper, M.J.},
	Date-Added = {2016-05-11 06:26:30 +0000},
	Date-Modified = {2016-05-11 06:26:30 +0000},
	Journal = {SIL Mexico Workpapers},
	Pages = {67--78},
	Title = {{The functions of `l{\"e}{\"e}' in Xanica Zapotec narrative discourse with some implications for comparative Zapotec}},
	Volume = {11},
	Year = {1995}}

@article{polinsky1999,
	Author = {Polinsky, M.},
	Date-Added = {2016-05-11 06:26:30 +0000},
	Date-Modified = {2016-05-11 06:26:30 +0000},
	Issn = {0097-8507},
	Journal = {Language},
	Pages = {567--582},
	Publisher = {Linguistic Society of America},
	Title = {{Lambrecht: Information structure and sentence form: Topic, focus, and the mental representation of discourse referents}},
	Volume = {75},
	Year = {1999}}

@incollection{prince1981,
	Address = {New York},
	Author = {Prince, E.},
	Booktitle = {Radical pragmatics},
	Date-Added = {2016-05-11 06:26:30 +0000},
	Date-Modified = {2016-05-11 06:26:30 +0000},
	Editor = {Cole, P.},
	Pages = {223--255},
	Publisher = {Academic Press},
	Title = {{Toward a taxonomy of given-new information}},
	Year = {1981}}

@book{rendon1995,
	Address = {Oaxaca, Mexico},
	Author = {Rend{\'o}n, J.J.},
	Date-Added = {2016-05-11 06:26:30 +0000},
	Date-Modified = {2016-05-11 06:26:30 +0000},
	Publisher = {Instituto Oaxaque{\~n}o de las Culturas, Centro de Investigaciones y Estudios Superiores de Antropolog{\'\i}a Social},
	Title = {{Diversificaci{\'o}n de las lenguas zapotecas}},
	Year = {1995}}

@article{riggs1987,
	Author = {Riggs, D.B.},
	Date-Added = {2016-05-11 06:26:30 +0000},
	Date-Modified = {2016-05-11 06:26:30 +0000},
	Journal = {SIL Mexico Workpapers},
	Pages = {1--11},
	Title = {{Paragraph analysis for Amatl{\'a}n Zapotec}},
	Volume = {9},
	Year = {1987}}

@phdthesis{romero2009,
	Author = {Romero-Mendez, R.},
	Date-Added = {2016-05-11 06:26:30 +0000},
	Date-Modified = {2016-05-11 06:26:30 +0000},
	School = {State University of New York at Buffalo},
	Title = {{A reference grammar of Ayutla Mixe (Tukyo'm ayuujk)}},
	Year = {2009}}

@article{sacks1974,
	Author = {Sacks, H. and Schegloff, E.A. and Jefferson, G.},
	Date-Added = {2016-05-11 06:26:30 +0000},
	Date-Modified = {2016-05-11 06:26:30 +0000},
	Journal = {Language},
	Number = {4},
	Pages = {696--735},
	Title = {A simplest systematics for the organization of turn-taking for conversation},
	Volume = {50},
	Year = {1974}}

@phdthesis{saynes2002,
	Author = {Saynes-V\'{a}squez, F.E.},
	Date-Added = {2016-05-11 06:26:30 +0000},
	Date-Modified = {2016-05-11 06:26:30 +0000},
	School = {University of Arizona},
	Title = {{Zapotec language shift and reversal in Juchit\'{a}n, Mexico}},
	Year = {2002}}

@book{schaller1975,
	Author = {Schaller, H.W.},
	Date-Added = {2016-05-11 06:26:30 +0000},
	Date-Modified = {2016-05-11 06:26:30 +0000},
	Isbn = {3533024423},
	Publisher = {Carl Winter Universit{\"a}tsverlag},
	Title = {{Die Balkansprachen: eine einf{\"u}hrung in die Balkanphilologie}},
	Year = {1975}}

@article{schegloff1996,
	Author = {Schegloff, Emanuel A},
	Date-Added = {2016-05-11 06:26:30 +0000},
	Date-Modified = {2016-05-11 06:26:30 +0000},
	Journal = {Studies in interactional sociolinguistics},
	Pages = {52--133},
	Publisher = {Cambridge University Press},
	Title = {Turn organization: One intersection of grammar and interaction},
	Volume = {13},
	Year = {1996}}

@book{schiffrin1988,
	Address = {Cambridge},
	Author = {Schiffrin, D.},
	Date-Added = {2016-05-11 06:26:30 +0000},
	Date-Modified = {2016-05-11 06:26:30 +0000},
	Isbn = {0521357187},
	Publisher = {Cambridge University Press},
	Title = {{Discourse markers}},
	Year = {1988}}

@article{sherzer1987,
	Author = {Sherzer, J.},
	Date-Added = {2016-05-11 06:26:30 +0000},
	Date-Modified = {2016-05-11 06:26:30 +0000},
	Journal = {American Anthropologist},
	Number = {2},
	Pages = {295--309},
	Publisher = {American Anthropological Association},
	Title = {{A discourse-centered approach to language and culture}},
	Volume = {89},
	Year = {1987}}

@phdthesis{sicoli2007,
	Author = {Sicoli, M.A.},
	Date-Added = {2016-05-11 06:26:30 +0000},
	Date-Modified = {2016-05-11 06:26:30 +0000},
	School = {University of Michigan},
	Title = {{Tono: A linguistic ethnography of tone and voice in a Zapotec region (Mexico)}},
	Year = {2007}}

@article{sicoli2010,
	Author = {Sicoli, M.A.},
	Date-Added = {2016-05-11 06:26:30 +0000},
	Date-Modified = {2016-05-11 06:26:30 +0000},
	Journal = {Language in Society},
	Number = {4},
	Pages = {521--553},
	Publisher = {Cambridge Univ Press},
	Title = {Shifting voices with participant roles: {{{V}}}oice qualities and speech registers in {Mesoamerica}},
	Volume = {39},
	Year = {2010}}

@inproceedings{sicoli2013,
	Author = {Sicoli, M.A.},
	Booktitle = {112th annual meeting of the American Anthropological Association, Chicago, Il},
	Date-Added = {2016-05-11 06:26:30 +0000},
	Date-Modified = {2016-05-11 06:26:30 +0000},
	Title = {Multi-modal and multi-authored social actions in a Lachix\'{i}o {{Z}}apotec video corpustec video corpus},
	Year = {2013}}

@article{sicoli2015,
	Author = {Sicoli, M.A.},
	Date-Added = {2016-05-11 06:26:30 +0000},
	Date-Modified = {2016-05-11 06:26:30 +0000},
	Journal = {Valence Changes in Zapotec: Synchrony, diachrony, typology},
	Pages = {191},
	Publisher = {John Benjamins Publishing Company},
	Title = {Agency and verb valence in {{L}}achix\'{i}o {{Z}}apotec},
	Volume = {110},
	Year = {2015}}

@article{silverman2002,
	Author = {Silverman, D.},
	Date-Added = {2016-05-11 06:26:30 +0000},
	Date-Modified = {2016-05-11 06:26:30 +0000},
	Journal = {Phonology},
	Number = {02},
	Pages = {235--261},
	Publisher = {Cambridge Univ Press},
	Title = {{Laryngeal complexity in Otomanguean vowels}},
	Volume = {14},
	Year = {2002}}

@incollection{silverstein1976,
	Author = {Silverstein, M.},
	Booktitle = {Grammatical categories in {{A}}ustralian languages},
	Date-Added = {2016-05-11 06:26:30 +0000},
	Date-Modified = {2016-05-11 06:26:30 +0000},
	Editor = {Dixon, R.M.W.},
	Pages = {112--171},
	Publisher = {Canberra: Australian Institute of Aboriginal Studies},
	Title = {{Hierarchy of features and ergativity}},
	Year = {1976}}

@incollection{silverstein1984,
	Author = {Silverstein, M.},
	Booktitle = {Meaning, form, and use in context: Linguistic applications},
	Date-Added = {2016-05-11 06:26:30 +0000},
	Date-Modified = {2016-05-11 06:26:30 +0000},
	Editor = {Schiffrin, D.},
	Pages = {181--199},
	Publisher = {Washington: Georgetown University Press},
	Title = {On the pragmatic `poetry' of prose: Parallelism, repetition, and cohesive structure in the time course of dyadic conversation},
	Year = {1984}}

@incollection{smithstark1994,
	Address = {Mexico City},
	Author = {Smith-Stark, T.C.},
	Booktitle = {Investigaciones ling\"{u}\'{i}sticas en Mesoamerica: Estudios sobre lenguas americanas},
	Date-Added = {2016-05-11 06:26:30 +0000},
	Date-Modified = {2016-05-11 06:26:30 +0000},
	Publisher = {UNAM},
	Title = {{Mesoamerican calques}},
	Year = {1994}}

@conference{smithstark2002,
	Address = {Sonora, Mexico},
	Author = {Smith-Stark, T.C.},
	Booktitle = {{Proceedings of the VI Encuentro Internacional de Ling\"{u}istica en el Noroeste}},
	Date-Added = {2016-05-11 06:26:30 +0000},
	Date-Modified = {2016-05-11 06:26:30 +0000},
	Editor = {Z. Estrada Fern\'{a}ndez and M. Figueroa Esteva and G. L\'{o}pez Cruz},
	Publisher = {Editorial Universidad de Sonora},
	Title = {{Las clases verbales del zapoteco de Chichicapan}},
	Year = {2002}}

@conference{smithstark2003,
	Address = {Mexico City, Mexico},
	Author = {Smith-Stark, T.C.},
	Booktitle = {{Proceedings of the III Coloquio de Mauricio Swadesh}},
	Date-Added = {2016-05-11 06:26:30 +0000},
	Date-Modified = {2018-08-29 23:24:31 -0700},
	Organization = {UNAM: Instituto de Investigaciones Antropol\'{o}gicas},
	Title = {Algunas isoglosas zapotecas},
	Year = {2003}}

@book{sonnenschein2005,
	Address = {Munich},
	Author = {Sonnenschein, A.H.},
	Date-Added = {2016-05-11 06:26:30 +0000},
	Date-Modified = {2016-05-11 06:26:30 +0000},
	Isbn = {3895868035},
	Publisher = {Lincom Europa},
	Title = {{A descriptive grammar of San Bartolom{\'e} Zoogocho Zapotec}},
	Year = {2005}}

@book{sperber1995,
	Author = {Sperber, D. and Wilson, D.},
	Date-Added = {2016-05-11 06:26:30 +0000},
	Date-Modified = {2016-05-11 06:26:30 +0000},
	Publisher = {Blackwell Pub},
	Title = {{Relevance: Communication and cognition}},
	Year = {1995}}

@article{stolz2001,
	Author = {Stolz, C. and Stolz, T.},
	Date-Added = {2016-05-11 06:26:30 +0000},
	Date-Modified = {2016-05-11 06:26:30 +0000},
	Journal = {Language Typology and Language Universals. An International Handbook},
	Pages = {1539--1553},
	Title = {{Mesoamerica as a linguistic area}},
	Volume = {2},
	Year = {2001}}

@book{suarez1983,
	Address = {Cambridge},
	Author = {Su{\'a}rez, J.A.},
	Date-Added = {2016-05-11 06:26:30 +0000},
	Date-Modified = {2016-05-11 06:26:30 +0000},
	Publisher = {Cambridge University Press},
	Title = {{The Mesoamerican Indian Languages}},
	Year = {1983}}

@article{suslak2003,
	Author = {Suslak, D.F.},
	Date-Added = {2016-05-11 06:26:30 +0000},
	Date-Modified = {2016-05-11 06:26:30 +0000},
	Issn = {1018-2101},
	Journal = {Pragmatics},
	Number = {4},
	Title = {{The Story of {\\"O}: Orthography and Cultural Politics in the Mixe Highland}},
	Volume = {13},
	Year = {2010}}

@phdthesis{suslak2005,
	Author = {Suslak, D.F.},
	Date-Added = {2016-05-11 06:26:30 +0000},
	Date-Modified = {2016-05-11 06:26:30 +0000},
	School = {University of Chicago, Dept. of Anthropology, and Dept. of Linguistics},
	Title = {{The Future of Totontepecano Mixe: Youth and Language in the Mixe Highlands}},
	Year = {2005}}

@article{suslak2010,
	Author = {Suslak, D.F.},
	Date-Added = {2016-05-11 06:26:30 +0000},
	Date-Modified = {2016-05-11 06:26:30 +0000},
	Issn = {1944-6527},
	Journal = {Anthropological Linguistics},
	Number = {1},
	Pages = {80--103},
	Publisher = {University of Nebraska Press},
	Title = {{Battered Spanish, Eloquent Mixe: Form and Function of Mixe Difrasismos}},
	Volume = {52},
	Year = {2010}}

@article{swadesh1947,
	Author = {Swadesh, M.},
	Date-Added = {2016-05-11 06:26:30 +0000},
	Date-Modified = {2016-05-11 06:26:30 +0000},
	Journal = {International Journal of American Linguistics},
	Number = {4},
	Pages = {220--230},
	Publisher = {JSTOR},
	Title = {The phonemic structure of {Proto-Zapotec}},
	Volume = {13},
	Year = {1947}}

@incollection{thompson2007,
	Author = {Thompson, S.A. and Longacre, R.E. and Hwang, S.J.},
	Booktitle = {Language typology and syntactic description, vol. 2},
	Date-Added = {2016-05-11 06:26:30 +0000},
	Date-Modified = {2016-05-11 06:26:30 +0000},
	Editor = {Shopen, Timothy},
	Pages = {237-300},
	Publisher = {Cambridge: Cambridge University Press},
	Title = {Adverbial clauses},
	Year = {2007}}

@phdthesis{toledo2018,
	Author = {Toledo Bustamante, N.},
	Date-Added = {2016-05-11 06:26:30 +0000},
	Date-Modified = {2018-08-16 18:06:29 -0700},
	School = {University of Chicago},
	Title = {Socialization patterns, emerging attention, and language choice in {{J}}uchit\'{an}, {{O}}axaca, {{M}}exico},
	Year = {2018}}

@book{tomlin1987,
	Author = {Tomlin, R.S.},
	Date-Added = {2016-05-11 06:26:30 +0000},
	Date-Modified = {2016-05-11 06:26:30 +0000},
	Publisher = {John Benjamins Publishing Company},
	Title = {{Coherence and grounding in discourse}},
	Year = {1987}}

@article{vanderhulst1988,
	Author = {Van der Hulst, H. and Smith, N.},
	Date-Added = {2016-05-11 06:26:30 +0000},
	Date-Modified = {2016-05-11 06:26:30 +0000},
	Journal = {Autosegmental Studies on Pitch Accent, ed. Harry van der Hulst and Norval Smith, pp. ix--xxiv. Providence, RI: Foris},
	Title = {{The variety of pitch accent systems: Introduction}},
	Year = {1988}}

@book{vanvalin1997,
	Address = {Cambridge},
	Author = {Van Valin, R.D. and LaPolla, R.J.},
	Date-Added = {2016-05-11 06:26:30 +0000},
	Date-Modified = {2016-05-11 06:26:30 +0000},
	Publisher = {Cambridge University Press},
	Title = {{Syntax: Structure, meaning and function}},
	Year = {1997}}

@incollection{vanvalin1999,
	Address = {Moscow},
	Author = {Van Valin, R.D.},
	Booktitle = {Typology and the Theory of Language: From Description to Explanation},
	Date-Added = {2016-05-11 06:26:30 +0000},
	Date-Modified = {2018-08-29 23:32:29 -0700},
	Editor = {Raxilina, E. and Testelec, J.},
	Pages = {511--524},
	Publisher = {Languages of Russian Culture},
	Title = {{A typology of the interaction of focus structure and syntax}},
	Year = {1999}}

@conference{woodbury1993,
	Author = {Woodbury, AC},
	Booktitle = {Texas linguistic forum},
	Date-Added = {2016-05-11 06:26:30 +0000},
	Date-Modified = {2016-05-11 06:26:30 +0000},
	Number = {33},
	Organization = {University of Texas, Department of Linguistics},
	Pages = {101--129},
	Title = {{A defense of the proposition, When a language dies, a culture dies'}},
	Year = {1993}}

@book{yip2002,
	Address = {Cambridge},
	Author = {Yip, M.},
	Date-Added = {2016-05-11 06:26:30 +0000},
	Date-Modified = {2016-05-11 06:26:30 +0000},
	Publisher = {Cambridge University Press},
	Title = {Tone},
	Year = {2002}}

@article{zavala2000,
	Author = {Zavala, R.},
	Date-Added = {2016-05-11 06:26:30 +0000},
	Date-Modified = {2016-05-11 06:26:30 +0000},
	Journal = {Unpublished PhD dissertation, University of Oregon at Eugene},
	Title = {{Inversion and other topics in the grammar of Olutec (Mixean)}},
	Year = {2000}}

@article{zavala2002,
	Author = {Zavala, R.},
	Date-Added = {2016-05-11 06:26:30 +0000},
	Date-Modified = {2016-05-11 06:26:30 +0000},
	Journal = {Del cora and maya yucateco. Estudios ling{\\"u}{\'\i}sticos sobre algunas lenguas ind{\'\i}genas},
	Pages = {179--267},
	Title = {{Verb classes, semantic roles and inverse in Olutec}},
	Year = {2002}}

@article{zavala2007,
	Author = {Zavala, R.},
	Date-Added = {2016-05-11 06:26:30 +0000},
	Date-Modified = {2016-05-11 06:26:30 +0000},
	Isbn = {3875484657},
	Issn = {0024-3930},
	Journal = {Endangered languages},
	Pages = {267},
	Publisher = {Buske Verlag},
	Title = {{Inversion and obviation in Mesoamerica1}},
	Year = {2007}}

@phdthesis{zec1989,
	Author = {Zec, D.},
	Date-Added = {2016-05-11 06:26:30 +0000},
	Date-Modified = {2016-05-11 06:26:30 +0000},
	School = {Stanford University, Stanford, California},
	Title = {{Sonority Constraints on Prosodic Structure}},
	Year = {1989}}

@book{zhang2002,
	Address = {New York},
	Author = {Zhang, J.},
	Date-Added = {2016-05-11 06:26:30 +0000},
	Date-Modified = {2016-05-11 06:26:30 +0000},
	Publisher = {Routledge},
	Title = {{The effects of duration and sonority on contour tone distribution: a typological survey and formal analysis}},
	Year = {2002}}

@article{zhang2004,
	Author = {Zhang, J.},
	Date-Added = {2016-05-11 06:26:30 +0000},
	Date-Modified = {2016-05-11 06:26:30 +0000},
	Journal = {Phonetically based phonology},
	Pages = {157-190},
	Publisher = {Cambridge University Press},
	Title = {{The role of contrast-specific and language-specific phonetics in contour tone distribution}},
	Year = {2004}}

@article{zhang2007,
	Author = {Zhang, J.},
	Date-Added = {2016-05-11 06:26:30 +0000},
	Date-Modified = {2016-05-11 06:26:30 +0000},
	Journal = {Studies in the Linguistic Sciences},
	Number = {1},
	Title = {{Contour tone distribution is not an artifact of tonal melody mapping}},
	Volume = {33},
	Year = {2007}}

@article{zoll2003,
	Author = {Zoll, C.},
	Date-Added = {2016-05-11 06:26:30 +0000},
	Date-Modified = {2016-05-11 06:26:30 +0000},
	Journal = {Linguistic Inquiry},
	Number = {2},
	Pages = {225--268},
	Publisher = {MIT Press},
	Title = {{Optimal tone mapping}},
	Volume = {34},
	Year = {2003}}
